2900 4500
648 514 1037 636 *tw*

505 636 597 720 Quid
620 637 643 700 [i
663 639 803 721 iamiam
826 637 1029 700 moriturum

504 735 563 797 Ad
586 736 740 799 tribunal
763 735 990 819 migraturum

557 836 560 839 ’
637 827 768 896 Verbis
791 832 859 896 istis
882 835 1065 896 verberet?

505 932 596 994 Ecce
620 931 761 1014 Regem
783 951 839 993 me
864 932 1030 993 coelorum

504 1030 572 1093 Pro
596 1029 703 1092 salute
727 1029 942 1111 perditorum

637 1125 796 1191 Affixum
820 1128 987 1214 patibulo

505 1223 677 1311 Aspexisti
700 1233 736 1288 te
760 1236 934 1290 amantem

506 1323 550 1386 Et
573 1324 649 1386 haec
672 1324 749 1386 dira
771 1326 979 1387 tolerantem

638 1421 706 1484 Pro
729 1432 765 1485 te
789 1422 849 1485 vili
872 1421 1013 1486 famulo.

507 1519 652 1582 Blandis
675 1520 794 1583 verbis
816 1530 853 1582 te
877 1519 1001 1583 vocavi

508 1617 551 1679 Et
574 1616 740 1701 promiffis
764 1618 909 1681 invitavi

640 1714 789 1779 Monens
813 1715 1041 1779 amantissime.

508 1813 575 1896 Egi
600 1813 681 1876 dein
703 1823 742 1876 ut
765 1822 933 1877 terrerem

509 1911 552 1973 Et
576 1911 735 1974 timorem
759 1911 973 1974 continerem

642 2008 780 2072 Minans
803 2008 1016 2082 severiffime,

511 2105 583 2170 Sed
607 2117 645 2170 tu
670 2109 775 2171 corde
799 2106 971 2191 pertinaci

512 2204 611 2270 Sicut
634 2225 694 2270 ore
718 2205 914 2270 contumaci

643 2304 782 2368 Dixisti:
806 2325 877 2368 non
899 2303 1053 2369 serviam.

511 2401 612 2466 Meus
636 2401 702 2465 effe
726 2402 861 2466 noluisti

511 2501 605 2563 Tuus
630 2499 696 2562 effe
719 2500 865 2563 maluisti

644 2598 745 2661 Nunc
769 2598 852 2679 quid
875 2598 940 2661 tibi
963 2596 1108 2660 faciam?

513 2695 557 2758 Et
580 2694 603 2757 fi
626 2696 690 2759 tibi
713 2706 749 2758 te
773 2695 938 2779 permitto

515 2792 628 2877 Opem
651 2813 762 2856 meam
786 2813 853 2856 nec
875 2794 1054 2876 promitt0‚

647 2891 732 2954 Tuis
755 2891 873 2955 vinces
896 2892 1048 2955 viribus?

515 2987 639 3051 Hostes
663 2988 796 3065 adsunt,
820 2988 957 3064 instant,
980 2988 1143 3068 fremunt,

515 3086 667 3168 Urgent,
691 3086 823 3164 furunt,
847 3086 967 3150 fauces
989 3096 1165 3169 premunt,

648 3184 692 3248 Et
712 3187 783 3268 jam
806 3193 924 3248 terunt
947 3185 1118 3248 dentibuS.

516 3281 623 3345 Modo
643 3284 741 3364 jaces
764 3283 1002 3346 moribundus:

516 3381 622 3444 Altus
643 3391 743 3464 patet
766 3381 794 3444 u
816 3380 1008 3463 profundus

650 3479 766 3542 Tetris
788 3498 890 3543 orcus
913 3478 1081 3544 faucibuS.

1138 3665 1214 3745 Jam
