2900 4500
435 502 828 625 {istuis}

293 624 369 688 Esse
392 626 477 700 nihil
500 625 564 688 stat
586 645 717 708 negare

292 722 441 805 Quando
464 722 575 806 potest
597 725 664 787 hoc
688 732 811 805 optare

425 821 527 885 Miser
550 821 778 885 beneficium?

294 919 412 1002 Negat
435 939 537 982 omne
560 919 810 993 levamentum,

293 1015 403 1079 Vetat
426 1035 527 1080 omne
551 1017 792 1091 lenimentum,

295 1114 355 1180 Sic
379 1118 562 1181 damnatus
586 1115 660 1178 odit
682 1126 817 1178 mentes

293 1213 343 1276 Ut
365 1214 400 1275 in
423 1233 531 1297 rogos
553 1214 619 1275 hos
642 1222 816 1275 torrentes

427 1310 523 1374 Nolit
545 1319 649 1394 gutta
670 1311 802 1393 pluere.

294 1408 338 1472 Et
360 1409 428 1472 hoc
451 1408 522 1492 ipse
542 1409 740 1491 juramento

294 1505 390 1569 Rato
415 1505 539 1581 sanxit,
563 1506 607 1569 ne
630 1517 806 1572 momento

294 1603 362 1666 His
385 1604 420 1666 in
444 1604 551 1668 antris
574 1604 762 1667 inferorum

295 1700 416 1785 Atque
439 1702 526 1766 locis
550 1704 790 1767 damnatorum

427 1799 567 1864 Liceret
591 1800 777 1881 quiescere.

295 1896 369 1959 Ah!
394 1896 436 1960 fic
459 1918 539 1961 reos
563 1896 661 1960 Deus
683 1896 780 1969 feriS,

295 1993 416 2076 Atque
439 1995 554 2077 poenis
577 2004 649 2057 tam
672 1993 800 2056 severis

296 2088 417 2155 Risum
440 2091 547 2157 nonis
570 2092 627 2154 vel
649 2092 751 2154 unius

296 2188 387 2270 June
409 2189 526 2273 punis,
550 2191 607 2256 vel
629 2189 731 2253 solius

432 2286 577 2371 Culpam
599 2287 775 2351 desiderii?

297 2386 356 2449 An
379 2388 446 2450 hoc
470 2406 576 2449 vocas
596 2386 773 2469 judicare?

296 2484 357 2547 An
378 2486 446 2547 hoc
469 2483 555 2548 dieis
578 2484 755 2547 vindicare

296 2580 411 2663 Quum
433 2601 497 2664 pro
520 2581 615 2645 fluxa
638 2583 819 2664 voluptate

297 2678 441 2744 Multtas
463 2699 528 2742 nos
552 2680 749 2744 aeternitate

431 2774 588 2840 Crudelis
611 2776 787 2862 supplicii?

297 2876 448 2938 Tantum
471 2877 572 2937 detur
594 2875 858 2938 Tormentorum
956 2901 958 2905 ³

298 2972 475 3055 Quantum
498 2973 618 3036 datum
641 2971 689 3035 est
712 2993 867 3035 amorum

298 3070 391 3151 Jocis
414 3069 547 3133 nostris:
572 3089 642 3133 non
664 3071 782 3133 recuso

299 3169 397 3231 Dura
418 3167 507 3252 pati:
531 3188 601 3230 non
625 3168 747 3232 accuso

430 3266 481 3328 Te
505 3266 673 3330 caelestem
696 3266 880 3331 vindicem.

298 3362 371 3429 Ahl
395 3384 531 3427 amores
553 3365 749 3432 avolarunt:

298 3462 379 3524 Una
400 3462 487 3525 hora
509 3462 570 3526 vix
593 3464 773 3527 durarunt:
