<?xml version="1.0" encoding="UTF-8"?>
<!DOCTYPE html PUBLIC "-//W3C//DTD XHTML 1.0 Transitional//EN"
    "http://www.w3.org/TR/xhtml1/DTD/xhtml1-transitional.dtd">
<html xmlns="http://www.w3.org/1999/xhtml" xml:lang="en" lang="en">
 <head>
  <title>
</title>
<meta http-equiv="Content-Type" content="text/html;charset=utf-8" />
  <meta name='ocr-system' content='tesseract 3.04.00' />
  <meta name='ocr-capabilities' content='ocr_page ocr_carea ocr_par ocr_line ocrx_word'/>
</head>
<body>
  <div class='ocr_page' id='page_1' title='image "./chilidulachryma00platgoog_0059.png"; bbox 0 0 2900 4500; ppageno 0'>
   <div class='ocr_carea' id='block_1_1' title="bbox 433 500 823 623">
    <p class='ocr_par' dir='ltr' id='par_1_1' title="bbox 433 500 823 623">
     <span class='ocr_line' id='line_1_1' title="bbox 433 500 823 623; baseline -0.003 0"><span class='ocrx_word' id='word_1_1' title='bbox 433 500 823 623; x_wconf 45' lang='lat' dir='ltr'>*tw*</span> 
     </span>
    </p>
   </div>
   <div class='ocr_carea' id='block_1_2' title="bbox 292 624 992 3527">
    <p class='ocr_par' dir='ltr' id='par_1_2' title="bbox 293 624 895 1296">
     <span class='ocr_line' id='line_1_2' title="bbox 293 624 788 706; baseline -0.008 -18"><span class='ocrx_word' id='word_1_2' title='bbox 293 627 361 688; x_wconf 90' lang='lat' dir='ltr'>Tot</span> <span class='ocrx_word' id='word_1_3' title='bbox 385 624 508 688; x_wconf 73' lang='lat' dir='ltr'>denua</span> <span class='ocrx_word' id='word_1_4' title='bbox 530 633 788 706; x_wconf 83' lang='lat' dir='ltr'>perpetrantur,</span> 
     </span>
     <span class='ocr_line' id='line_1_3' title="bbox 293 722 843 805; baseline -0.009 -18"><span class='ocrx_word' id='word_1_5' title='bbox 293 722 386 805; x_wconf 78' lang='lat' dir='ltr'>Quot</span> <span class='ocrx_word' id='word_1_6' title='bbox 408 732 583 786; x_wconf 83' lang='lat' dir='ltr'>momenta</span> <span class='ocrx_word' id='word_1_7' title='bbox 607 730 843 784; x_wconf 84' lang='lat' dir='ltr'>numerantur:</span> 
     </span>
     <span class='ocr_line' id='line_1_4' title="bbox 426 818 861 885; baseline -0.005 0"><span class='ocrx_word' id='word_1_8' title='bbox 426 820 456 885; x_wconf 96' lang='grc' dir='ltr'><strong>Ο</strong></span> <span class='ocrx_word' id='word_1_9' title='bbox 480 819 605 883; x_wconf 85' lang='lat' dir='ltr'>sortem</span> <span class='ocrx_word' id='word_1_10' title='bbox 628 818 861 884; x_wconf 82' lang='lat' dir='ltr'>miserrimaml</span> 
     </span>
     <span class='ocr_line' id='line_1_5' title="bbox 294 917 895 1001; baseline -0.007 -18"><span class='ocrx_word' id='word_1_11' title='bbox 294 919 361 1001; x_wconf 82' lang='lat' dir='ltr'>Qui</span> <span class='ocrx_word' id='word_1_12' title='bbox 384 919 427 983; x_wconf 86' lang='lat' dir='ltr'>fic</span> <span class='ocrx_word' id='word_1_13' title='bbox 450 919 585 992; x_wconf 91' lang='lat' dir='ltr'>vivunt,</span> <span class='ocrx_word' id='word_1_14' title='bbox 609 917 703 980; x_wconf 78' lang='lat' dir='ltr'>simul</span> <span class='ocrx_word' id='word_1_15' title='bbox 726 917 895 999; x_wconf 86' lang='lat' dir='ltr'>gaudent,</span> 
     </span>
     <span class='ocr_line' id='line_1_6' title="bbox 293 1015 886 1092; baseline -0.007 -11"><span class='ocrx_word' id='word_1_16' title='bbox 293 1017 403 1082; x_wconf 88' lang='lat' dir='ltr'>Simul</span> <span class='ocrx_word' id='word_1_17' title='bbox 426 1017 554 1091; x_wconf 87' lang='lat' dir='ltr'>rident,</span> <span class='ocrx_word' id='word_1_18' title='bbox 578 1015 626 1077; x_wconf 87' lang='lat' dir='ltr'>nil</span> <span class='ocrx_word' id='word_1_19' title='bbox 649 1035 718 1078; x_wconf 89' lang='lat' dir='ltr'>non</span> <span class='ocrx_word' id='word_1_20' title='bbox 742 1018 886 1092; x_wconf 83' lang='lat' dir='ltr'>audent,</span> 
     </span>
     <span class='ocr_line' id='line_1_7' title="bbox 426 1112 884 1179; baseline 0.002 -1"><span class='ocrx_word' id='word_1_21' title='bbox 426 1113 456 1178; x_wconf 96' lang='grc' dir='ltr'><strong>Ο</strong></span> <span class='ocrx_word' id='word_1_22' title='bbox 480 1123 631 1177; x_wconf 90' lang='lat' dir='ltr'>mentem</span> <span class='ocrx_word' id='word_1_23' title='bbox 655 1112 884 1179; x_wconf 83' lang='lat' dir='ltr'>stultiffimam!</span> 
     </span>
     <span class='ocr_line' id='line_1_8' title="bbox 293 1211 821 1296; baseline -0.006 -20"><span class='ocrx_word' id='word_1_24' title='bbox 293 1212 332 1277; x_wconf 88' lang='lat' dir='ltr'>Si</span> <span class='ocrx_word' id='word_1_25' title='bbox 356 1213 433 1296; x_wconf 88' lang='lat' dir='ltr'>quis</span> <span class='ocrx_word' id='word_1_26' title='bbox 455 1213 535 1275; x_wconf 94' lang='lat' dir='ltr'>Deo</span> <span class='ocrx_word' id='word_1_27' title='bbox 560 1211 667 1274; x_wconf 82' lang='lat' dir='ltr'>castus</span> <span class='ocrx_word' id='word_1_28' title='bbox 690 1213 821 1295; x_wconf 81' lang='lat' dir='ltr'>placet,</span> 
     </span>
    </p>

    <p class='ocr_par' dir='ltr' id='par_1_3' title="bbox 293 1309 901 1590">
     <span class='ocr_line' id='line_1_9' title="bbox 293 1309 863 1394; baseline -0.002 -22"><span class='ocrx_word' id='word_1_29' title='bbox 293 1311 361 1374; x_wconf 89' lang='lat' dir='ltr'>Vel</span> <span class='ocrx_word' id='word_1_30' title='bbox 384 1311 462 1394; x_wconf 90' lang='lat' dir='ltr'>quis</span> <span class='ocrx_word' id='word_1_31' title='bbox 484 1309 597 1372; x_wconf 83' lang='lat' dir='ltr'>insons</span> <span class='ocrx_word' id='word_1_32' title='bbox 621 1311 723 1391; x_wconf 66' lang='lat' dir='ltr'>culpe</span> <span class='ocrx_word' id='word_1_33' title='bbox 747 1319 863 1383; x_wconf 85' lang='lat' dir='ltr'>vacet,</span> 
     </span>
     <span class='ocr_line' id='line_1_10' title="bbox 424 1397 800 1472; baseline -0.005 -1"><span class='ocrx_word' id='word_1_34' title='bbox 424 1408 527 1471; x_wconf 81' lang='lat' dir='ltr'>Risus</span> <span class='ocrx_word' id='word_1_35' title='bbox 551 1408 597 1472; x_wconf 89' lang='lat' dir='ltr'>est</span> <span class='ocrx_word' id='word_1_36' title='bbox 620 1408 649 1472; x_wconf 76' lang='lat' dir='ltr'>dt</span> <span class='ocrx_word' id='word_1_37' title='bbox 671 1397 800 1471; x_wconf 82' lang='lat' dir='ltr'>fabula.</span> 
     </span>
     <span class='ocr_line' id='line_1_11' title="bbox 294 1506 901 1590; baseline -0.005 -20"><span class='ocrx_word' id='word_1_38' title='bbox 294 1506 436 1581; x_wconf 79' lang='lat' dir='ltr'>Senme,</span> <span class='ocrx_word' id='word_1_39' title='bbox 459 1509 590 1590; x_wconf 83' lang='lat' dir='ltr'>probra</span> <span class='ocrx_word' id='word_1_40' title='bbox 613 1514 901 1589; x_wconf 86' lang='lat' dir='ltr'>contorquentur,</span> 
     </span>
    </p>

    <p class='ocr_par' dir='ltr' id='par_1_4' title="bbox 292 1605 992 3527">
     <span class='ocr_line' id='line_1_12' title="bbox 293 1605 820 1688; baseline -0.002 -21"><span class='ocrx_word' id='word_1_41' title='bbox 293 1606 332 1667; x_wconf 84' lang='lat' dir='ltr'>In</span> <span class='ocrx_word' id='word_1_42' title='bbox 355 1606 447 1667; x_wconf 88' lang='lat' dir='ltr'>hunc</span> <span class='ocrx_word' id='word_1_43' title='bbox 470 1606 600 1688; x_wconf 75' lang='lat' dir='ltr'>linguae</span> <span class='ocrx_word' id='word_1_44' title='bbox 625 1605 820 1688; x_wconf 87' lang='lat' dir='ltr'>dirigentur</span> 
     </span>
     <span class='ocr_line' id='line_1_13' title="bbox 424 1702 782 1786; baseline 0.003 -22"><span class='ocrx_word' id='word_1_45' title='bbox 424 1702 619 1766; x_wconf 84' lang='lat' dir='ltr'>Venenatae</span> <span class='ocrx_word' id='word_1_46' title='bbox 643 1702 782 1786; x_wconf 82' lang='lat' dir='ltr'>spicula.</span> 
     </span>
     <span class='ocr_line' id='line_1_14' title="bbox 294 1800 776 1884; baseline -0.006 -20"><span class='ocrx_word' id='word_1_47' title='bbox 294 1800 427 1865; x_wconf 73' lang='lat' dir='ltr'>Sandae</span> <span class='ocrx_word' id='word_1_48' title='bbox 450 1801 549 1884; x_wconf 88' lang='lat' dir='ltr'>leges</span> <span class='ocrx_word' id='word_1_49' title='bbox 573 1800 660 1863; x_wconf 85' lang='lat' dir='ltr'>caelo</span> <span class='ocrx_word' id='word_1_50' title='bbox 684 1800 776 1861; x_wconf 87' lang='lat' dir='ltr'>datae</span> 
     </span>
     <span class='ocr_line' id='line_1_15' title="bbox 294 1897 787 1981; baseline -0.006 -20"><span class='ocrx_word' id='word_1_51' title='bbox 294 1898 430 1981; x_wconf 86' lang='lat' dir='ltr'>Spretae</span> <span class='ocrx_word' id='word_1_52' title='bbox 451 1897 621 1980; x_wconf 82' lang='lat' dir='ltr'>jacent&amp;</span> <span class='ocrx_word' id='word_1_53' title='bbox 645 1897 787 1960; x_wconf 81' lang='lat' dir='ltr'>calcatae</span> 
     </span>
     <span class='ocr_line' id='line_1_16' title="bbox 424 1995 755 2059; baseline -0.006 -1"><span class='ocrx_word' id='word_1_54' title='bbox 424 1996 636 2058; x_wconf 82' lang='lat' dir='ltr'>Dominante</span> <span class='ocrx_word' id='word_1_55' title='bbox 659 1995 755 2059; x_wconf 86' lang='lat' dir='ltr'>vitio.</span> 
     </span>
     <span class='ocr_line' id='line_1_17' title="bbox 292 2091 765 2158; baseline -0.008 0"><span class='ocrx_word' id='word_1_56' title='bbox 292 2094 425 2158; x_wconf 84' lang='lat' dir='ltr'>Umbra</span> <span class='ocrx_word' id='word_1_57' title='bbox 448 2094 556 2156; x_wconf 82' lang='lat' dir='ltr'><strong>fallax</strong></span> <span class='ocrx_word' id='word_1_58' title='bbox 579 2091 765 2155; x_wconf 82' lang='lat' dir='ltr'>honestatis</span> 
     </span>
     <span class='ocr_line' id='line_1_18' title="bbox 292 2190 742 2277; baseline -0.009 -20"><span class='ocrx_word' id='word_1_59' title='bbox 292 2193 427 2257; x_wconf 89' lang='lat' dir='ltr'>Nomen</span> <span class='ocrx_word' id='word_1_60' title='bbox 449 2192 543 2277; x_wconf 89' lang='lat' dir='ltr'>gerit</span> <span class='ocrx_word' id='word_1_61' title='bbox 566 2190 742 2275; x_wconf 76' lang='lat' dir='ltr'>aequitatis</span> 
     </span>
     <span class='ocr_line' id='line_1_19' title="bbox 424 2290 828 2374; baseline -0.005 -21"><span class='ocrx_word' id='word_1_62' title='bbox 424 2290 613 2374; x_wconf 82' lang='lat' dir='ltr'>Regnante</span> <span class='ocrx_word' id='word_1_63' title='bbox 637 2290 828 2354; x_wconf 75' lang='lat' dir='ltr'>mendacio,</span> 
     </span>
     <span class='ocr_line' id='line_1_20' title="bbox 293 2388 773 2464; baseline -0.004 -12"><span class='ocrx_word' id='word_1_64' title='bbox 293 2389 386 2454; x_wconf 83' lang='lat' dir='ltr'>Laus</span> <span class='ocrx_word' id='word_1_65' title='bbox 408 2388 547 2451; x_wconf 84' lang='lat' dir='ltr'>virtutis</span> <span class='ocrx_word' id='word_1_66' title='bbox 571 2388 674 2451; x_wconf 86' lang='lat' dir='ltr'>estin</span> <span class='ocrx_word' id='word_1_67' title='bbox 698 2408 773 2464; x_wconf 89' lang='lat' dir='ltr'>ore,</span> 
     </span>
     <span class='ocr_line' id='line_1_21' title="bbox 293 2486 838 2562; baseline -0.004 -12"><span class='ocrx_word' id='word_1_68' title='bbox 293 2486 365 2551; x_wconf 88' lang='lat' dir='ltr'>Sed</span> <span class='ocrx_word' id='word_1_69' title='bbox 388 2487 465 2550; x_wconf 86' lang='lat' dir='ltr'>haec</span> <span class='ocrx_word' id='word_1_70' title='bbox 489 2496 585 2550; x_wconf 84' lang='lat' dir='ltr'>caret</span> <span class='ocrx_word' id='word_1_71' title='bbox 608 2488 684 2549; x_wconf 83' lang='lat' dir='ltr'>laus</span> <span class='ocrx_word' id='word_1_72' title='bbox 707 2505 838 2562; x_wconf 82' lang='lat' dir='ltr'>amore,</span> 
     </span>
     <span class='ocr_line' id='line_1_22' title="bbox 427 2582 992 2670; baseline -0.005 -23"><span class='ocrx_word' id='word_1_73' title='bbox 427 2583 513 2647; x_wconf 78' lang='lat' dir='ltr'>Cum</span> <span class='ocrx_word' id='word_1_74' title='bbox 536 2585 609 2670; x_wconf 86' lang='lat' dir='ltr'>post</span> <span class='ocrx_word' id='word_1_75' title='bbox 631 2604 789 2647; x_wconf 89' lang='lat' dir='ltr'>nummos</span> <span class='ocrx_word' id='word_1_76' title='bbox 813 2582 992 2665; x_wconf 79' lang='lat' dir='ltr'>quaeritur.</span> 
     </span>
     <span class='ocr_line' id='line_1_23' title="bbox 292 2682 918 2765; baseline -0.002 -21"><span class='ocrx_word' id='word_1_77' title='bbox 292 2682 420 2762; x_wconf 85' lang='lat' dir='ltr'>Justum</span> <span class='ocrx_word' id='word_1_78' title='bbox 442 2682 540 2744; x_wconf 91' lang='lat' dir='ltr'>multi</span> <span class='ocrx_word' id='word_1_79' title='bbox 564 2702 669 2765; x_wconf 91' lang='lat' dir='ltr'>quum</span> <span class='ocrx_word' id='word_1_80' title='bbox 692 2690 918 2764; x_wconf 84' lang='lat' dir='ltr'>praetentant,</span> 
     </span>
     <span class='ocr_line' id='line_1_24' title="bbox 292 2779 850 2854; baseline 0.002 -13"><span class='ocrx_word' id='word_1_81' title='bbox 292 2780 427 2843; x_wconf 91' lang='lat' dir='ltr'>Nomen</span> <span class='ocrx_word' id='word_1_82' title='bbox 449 2780 555 2842; x_wconf 84' lang='lat' dir='ltr'>solum</span> <span class='ocrx_word' id='word_1_83' title='bbox 577 2780 643 2843; x_wconf 84' lang='lat' dir='ltr'>hoc</span> <span class='ocrx_word' id='word_1_84' title='bbox 668 2779 850 2854; x_wconf 86' lang='lat' dir='ltr'>ostentant,</span> 
     </span>
     <span class='ocr_line' id='line_1_25' title="bbox 424 2876 863 2963; baseline 0 -24"><span class='ocrx_word' id='word_1_85' title='bbox 424 2876 573 2939; x_wconf 89' lang='lat' dir='ltr'>Lucrum</span> <span class='ocrx_word' id='word_1_86' title='bbox 596 2878 674 2963; x_wconf 88' lang='lat' dir='ltr'>plus</span> <span class='ocrx_word' id='word_1_87' title='bbox 697 2877 863 2960; x_wconf 84' lang='lat' dir='ltr'>diligitur.</span> 
     </span>
     <span class='ocr_line' id='line_1_26' title="bbox 292 2975 801 3053; baseline 0 -16"><span class='ocrx_word' id='word_1_88' title='bbox 292 2975 397 3038; x_wconf 89' lang='lat' dir='ltr'>Fides</span> <span class='ocrx_word' id='word_1_89' title='bbox 420 2975 528 3051; x_wconf 85' lang='lat' dir='ltr'>lucet,</span> <span class='ocrx_word' id='word_1_90' title='bbox 552 2994 672 3037; x_wconf 84' lang='lat' dir='ltr'>aurum</span> <span class='ocrx_word' id='word_1_91' title='bbox 694 2975 801 3053; x_wconf 87' lang='lat' dir='ltr'>lucet,</span> 
     </span>
     <span class='ocr_line' id='line_1_27' title="bbox 292 3071 849 3155; baseline -0.004 -19"><span class='ocrx_word' id='word_1_92' title='bbox 292 3071 364 3136; x_wconf 88' lang='lat' dir='ltr'>Sed</span> <span class='ocrx_word' id='word_1_93' title='bbox 387 3073 454 3135; x_wconf 89' lang='lat' dir='ltr'>hoc</span> <span class='ocrx_word' id='word_1_94' title='bbox 476 3072 581 3155; x_wconf 73' lang='lat' dir='ltr'>longe</span> <span class='ocrx_word' id='word_1_95' title='bbox 603 3072 721 3154; x_wconf 88' lang='lat' dir='ltr'>plures</span> <span class='ocrx_word' id='word_1_96' title='bbox 744 3073 849 3135; x_wconf 88' lang='lat' dir='ltr'>ducet</span> 
     </span>
     <span class='ocr_line' id='line_1_28' title="bbox 425 3169 857 3252; baseline -0.005 -19"><span class='ocrx_word' id='word_1_97' title='bbox 425 3169 526 3252; x_wconf 81' lang='lat' dir='ltr'>Quod</span> <span class='ocrx_word' id='word_1_98' title='bbox 548 3169 682 3251; x_wconf 85' lang='lat' dir='ltr'>pallore</span> <span class='ocrx_word' id='word_1_99' title='bbox 706 3169 857 3232; x_wconf 81' lang='lat' dir='ltr'>fascinat.</span> 
     </span>
     <span class='ocr_line' id='line_1_29' title="bbox 292 3266 893 3351; baseline 0 -21"><span class='ocrx_word' id='word_1_100' title='bbox 292 3269 332 3331; x_wconf 93' lang='lat' dir='ltr'>Id</span> <span class='ocrx_word' id='word_1_101' title='bbox 356 3289 425 3351; x_wconf 92' lang='lat' dir='ltr'>quo</span> <span class='ocrx_word' id='word_1_102' title='bbox 449 3268 609 3350; x_wconf 82' lang='lat' dir='ltr'>splendor</span> <span class='ocrx_word' id='word_1_103' title='bbox 631 3288 737 3349; x_wconf 91' lang='lat' dir='ltr'>opum</span> <span class='ocrx_word' id='word_1_104' title='bbox 760 3266 893 3347; x_wconf 83' lang='lat' dir='ltr'>crescit,</span> 
     </span>
     <span class='ocr_line' id='line_1_30' title="bbox 293 3364 756 3449; baseline -0.006 -20"><span class='ocrx_word' id='word_1_105' title='bbox 293 3364 370 3447; x_wconf 83' lang='lat' dir='ltr'>Quo</span> <span class='ocrx_word' id='word_1_106' title='bbox 394 3364 545 3449; x_wconf 82' lang='lat' dir='ltr'>potestas</span> <span class='ocrx_word' id='word_1_107' title='bbox 568 3364 756 3437; x_wconf 84' lang='lat' dir='ltr'>invalescit,</span> 
     </span>
     <span class='ocr_line' id='line_1_31' title="bbox 425 3462 916 3527; baseline 0.006 -3"><span class='ocrx_word' id='word_1_108' title='bbox 425 3463 559 3525; x_wconf 89' lang='lat' dir='ltr'>Bonum</span> <span class='ocrx_word' id='word_1_109' title='bbox 583 3465 731 3525; x_wconf 89' lang='lat' dir='ltr'>mundus</span> <span class='ocrx_word' id='word_1_110' title='bbox 754 3462 916 3527; x_wconf 84' lang='lat' dir='ltr'>nominat.</span> 
     </span>
    </p>
   </div>
   <div class='ocr_carea' id='block_1_3' title="bbox 574 3647 1113 3728">
    <p class='ocr_par' dir='ltr' id='par_1_5' title="bbox 574 3647 1113 3728">
     <span class='ocr_line' id='line_1_32' title="bbox 574 3647 1113 3728; baseline -0.002 -18"><span class='ocrx_word' id='word_1_111' title='bbox 574 3649 607 3710; x_wconf 92' lang='lat' dir='ltr'>D</span> <span class='ocrx_word' id='word_1_112' title='bbox 635 3671 652 3728; x_wconf 81' lang='lat'>3</span> <span class='ocrx_word' id='word_1_113' title='bbox 885 3647 988 3711; x_wconf 85' lang='lat' dir='ltr'>Astus</span> <span class='ocrx_word' id='word_1_114' title='bbox 1111 3691 1113 3694; x_wconf 30' lang='grc' dir='ltr'>ψ</span> 
     </span>
    </p>
   </div>
   <div class='ocr_carea' id='block_1_4' title="bbox 0 0 1454 4500">
    <p class='ocr_par' dir='ltr' id='par_1_6' title="bbox 0 0 1454 4500">
     <span class='ocr_line' id='line_1_33' title="bbox 0 0 1454 4500; baseline 0 0"><span class='ocrx_word' id='word_1_115' title='bbox 0 0 1454 4500; x_wconf 95' lang='lat' dir='ltr'> </span> 
     </span>
    </p>
   </div>
  </div>
 </body>
</html>
