2900 4500
432 477 820 599 {immi}

198 598 469 683 Spirantemque
493 599 603 663 minas
628 602 813 663 draconem
837 610 1033 677 conterent,

331 697 376 760 Et
398 699 518 760 leones
542 707 702 761 atterent.

197 796 287 859 Nam
310 804 348 857 tu
371 816 499 878 magna
521 794 636 858 Mater
659 797 806 859 devotos
830 795 990 869 famulos

199 892 329 957 Servas
352 891 464 979 nodie,
487 893 559 967 die,
583 902 662 956 tuos
685 894 723 956 ut
747 894 880 972 oculos,

198 989 368 1053 Promiffis
392 991 561 1066 animam,
586 990 614 1054 dc
638 992 850 1054 dulcioribus

332 1088 399 1150 His
421 1087 560 1151 firmans
584 1088 806 1155 sermonibus.

198 1185 273 1248 Vos
297 1185 356 1268 qui
379 1206 433 1249 me
459 1187 572 1249 colitis
595 1196 777 1269 parentem
799 1186 874 1261 filii,

201 1282 395 1365 Conjundis
419 1284 541 1347 animis
563 1283 686 1347 fideles
709 1284 803 1359 socii,

201 1379 287 1462 Quae
311 1401 374 1443 vos
398 1390 494 1444 certa
517 1391 633 1444 manet
657 1402 791 1445 merces
815 1383 976 1466 accipite,

332 1477 377 1540 Et
400 1477 507 1541 securi
530 1479 648 1543 vivite.

201 1573 365 1659 Quisquis
389 1577 578 1640 crediderit
601 1578 686 1641 meis
709 1576 888 1660 praefidiis,

199 1673 245 1735 Et
268 1694 323 1736 me
348 1674 494 1755 coluerit
516 1675 584 1756 piis
607 1676 794 1759 obsequiis,

200 1770 268 1832 Hie
292 1792 418 1834 numen
441 1772 563 1835 sentiet
586 1772 646 1836 fibi
668 1775 867 1856 propitium.

333 1868 377 1931 Et
400 1868 516 1933 ferens
540 1871 714 1934 auxilium.
775 1901 781 1911 ·

202 1964 288 2029 Cum
311 1966 346 2028 in
368 1976 452 2030 vota
475 1987 590 2031 meum
612 1989 739 2032 nomen
762 1970 955 2046 vocaverit,

199 2062 325 2126 Rebus
349 2065 384 2126 in
408 2065 535 2146 asperis
559 2086 661 2147 opem
683 2067 839 2148 petierit,

199 2162 368 2245 Benignis
392 2163 500 2226 oculis
524 2164 676 2227 clemens
699 2164 874 2247 aspiciam,

333 2261 377 2323 Et
400 2281 524 2343 preces
549 2263 743 2326 exaudiam.

200 2358 301 2421 Illum
324 2360 486 2440 periculis
508 2370 672 2442 potenter
696 2362 867 2440 eximens,

200 2456 425 2540 Pressrimque
450 2458 564 2521 dubiis
588 2460 623 2521 in
645 2460 749 2524 bellis
773 2461 959 2539 redimens,

201 2552 393 2618 Sublimem
416 2554 540 2619 faciam
564 2558 643 2619 coeli
666 2559 879 2632 muneribus

332 2652 377 2714 Et
396 2652 491 2735 justis
514 2656 713 2718 honoribus.

201 2749 260 2811 Me
283 2749 490 2813 monstrante
514 2752 606 2814 viam
629 2753 673 2814 ad
697 2754 777 2816 coeli
800 2753 942 2836 gaudia,

203 2845 356 2911 Scandet
379 2848 423 2909 ad
446 2849 569 2931 gloriae
594 2849 681 2911 celsa
703 2850 848 2932 palatia,

201 2944 309 3007 Vivet
332 2946 366 3006 in
389 2947 496 3029 regiis
520 2946 678 3009 divorum
701 2947 852 3021 sedibus¹

334 3042 447 3106 Annis
470 3064 539 3106 non
562 3045 775 3111 mortalibus.

203 3138 380 3221 Spectabit
403 3140 560 3222 superum
584 3143 708 3206 choros
732 3144 922 3221 mirabiles,

202 3237 408 3320 AEtemique
433 3239 527 3322 regis
551 3241 667 3303 vultus
691 3242 872 3316 amabiles,

202 3334 260 3397 Me
284 3334 425 3398 favente
449 3335 515 3399 suis
538 3337 673 3401 videbit
697 3339 819 3417 oculiS,

336 3434 565 3515 Sempiternis
588 3435 718 3499 seculis
824 3459 828 3466 ’
