2900 4500
441 525 831 647 titulat

253 646 505 730 Fidentemque
530 648 595 712 tibi
618 650 751 712 servum
773 649 946 733 suscipies,

383 745 428 808 Et
451 746 551 810 malis
574 747 713 829 eripies.

252 843 338 906 Haec
361 842 438 926 spes
460 843 532 907 fida
553 845 612 929 pio
637 845 755 909 clienti
780 845 920 925 dicitur,

250 940 326 1004 Hac
350 941 484 1005 deserta
506 943 605 1006 navis
627 943 800 1026 profundo
825 945 1007 1027 mergitur,

250 1039 328 1102 Hac
351 1040 428 1103 luce
452 1041 624 1123 navigans
648 1043 730 1104 dum
753 1040 864 1124 specto
888 1043 1038 1119 radium,

385 1137 528 1202 Ridebo
552 1137 781 1222 naufragium.

251 1235 325 1298 Nec
348 1238 478 1321 probra
500 1245 651 1300 metuam
675 1258 741 1301 nec
764 1237 903 1321 linguas
925 1237 1049 1317 invidi,

252 1333 329 1395 Non
353 1334 471 1397 minax
494 1335 610 1398 odium
633 1336 740 1399 trucis
763 1335 792 1398 u
816 1336 926 1399 avidi:

254 1430 368 1495 Colles
392 1431 558 1516 effugiam
581 1432 823 1510 insidiantium,

385 1530 551 1613 Reteque
575 1533 783 1594 venantium.

252 1627 301 1689 Ut
324 1628 457 1710 gallina
479 1648 606 1710 parens
630 1630 711 1691 dum
735 1630 848 1711 pullos
872 1628 1020 1711 colligit,

252 1725 430 1789 Maternas
453 1727 609 1789 tremulis
633 1727 707 1789 alas
732 1726 940 1810 exporrigit,

254 1822 313 1887 Sic
336 1834 374 1887 tu
398 1824 480 1886 diva
502 1834 628 1907 potens
653 1827 733 1887 dum
757 1824 852 1906 regis
876 1824 1014 1908 clype0,

385 1922 525 1986 Nullum
548 1922 677 1986 hostem
701 1923 817 1987 timeo

251 2021 346 2084 Inter
368 2019 538 2083 horrificae
562 2018 669 2082 noctis
692 2019 823 2082 silentia

252 2119 419 2200 Atrlsque
443 2118 599 2181 tenebris
622 2116 751 2200 spectra
775 2116 954 2189 minantia,

252 2218 403 2301 Pergam
426 2216 621 2299 intrepidus
643 2217 712 2279 una
735 2225 770 2279 te
796 2214 937 2294 comite,

385 2316 489 2379 Nullo
513 2314 623 2378 fretus
646 2315 764 2380 milite.

253 2414 418 2497 Quamvis
442 2414 534 2477 mille
557 2414 678 2476 volent
701 2420 860 2476 contorta
880 2413 1009 2494 jacula,

251 2510 437 2594 Infestlque
460 2511 600 2576 vibrent
621 2510 735 2574 hostes
758 2518 811 2573 tot
833 2510 969 2594 spicula.

252 2611 301 2673 Ut
325 2630 379 2673 me
403 2609 586 2691 respicient
608 2608 666 2691 pie
690 2607 885 2683 sollicitum,

387 2706 447 2771 Sic
470 2707 498 2770 u
522 2706 801 2788 imperterritum.

252 2808 326 2870 Nec
350 2805 372 2868 [i
394 2804 545 2869 terrifica
569 2807 707 2868 doemon
732 2805 898 2887 imagine,

252 2903 413 2988 Egrellus
436 2902 583 2966 inferum
605 2905 696 2966 tetra
719 2903 888 2984 voragine

253 3003 404 3065 Minetur
428 2999 540 3064 subito
565 2999 692 3064 cunilis
716 2999 874 3076 exitium,

385 3100 443 3162 Me
466 3098 602 3162 videbit
624 3097 776 3161 anxium.

252 3199 347 3261 Inter
370 3198 534 3280 contagia
556 3196 659 3279 pestis
681 3196 872 3273 indomitae,

253 3297 348 3359 Inter
369 3294 525 3378 pericula
548 3294 657 3357 cladis
680 3294 838 3371 insolitae,

252 3394 396 3457 illaesum
419 3400 587 3474 proteges
611 3390 756 3454 cinctum
779 3392 1002 3455 horrentibus

385 3488 477 3552 Hinc
500 3489 529 3552 ἃ
552 3490 645 3553 illinc
668 3489 848 3556 mortibus.

252 3589 347 3651 Mille
370 3588 460 3650 laeva
485 3588 610 3651 cadent
632 3588 661 3651 u
685 3589 811 3651 dextra
834 3586 941 3650 millia

253 3685 364 3751 Simul
388 3687 479 3748 dena
501 3694 616 3750 ruent:
641 3687 732 3752 inter
754 3687 830 3748 haeo
852 3685 974 3767 praelia

882 3782 1002 3845 Duces
