2900 4500
630 516 1019 639 {smmis

441 637 560 700 Duces
584 638 764 702 innoxium
787 640 808 702 ὂ
832 640 995 724 princeps
1019 640 1188 719 coelitum,

574 734 685 819 Virgo
709 737 775 800 tibi
799 737 964 804 deditum.
1054 742 1058 747 ‘

441 833 559 896 Laetus
583 833 748 918 effugiam
771 835 862 898 inter
885 845 938 898 tot
960 834 1095 899 funera:

444 931 529 994 Cdm
552 934 648 994 luent
672 933 769 1014 impii
790 942 929 1014 patrata
952 933 1092 1009 scelera,

427 1028 583 1095 .Videbo
607 1029 746 1093 miseros
770 1029 890 1094 stratos
913 1029 1090 1094 hostilibus

575 1126 667 1190 Hinc
690 1126 719 1189 dr
743 1128 822 1190 inde
846 1128 1012 1194 cladibus

432 1224 528 1288 'Haec
553 1224 599 1288 est
621 1244 740 1308 poena,
765 1227 891 1303 dicam,
916 1226 1028 1308 impiis
1052 1225 1186 1301 debita,

443 1321 503 1386 Sic
527 1332 670 1385 caterva
691 1323 765 1386 luet
787 1323 867 1387 Deo
890 1344 960 1386 non
983 1324 1129 1400 subdita,

442 1420 510 1483 Hic
534 1440 636 1502 quem
660 1421 743 1483 diva
763 1441 891 1503 parens
915 1422 1076 1484 clientem
1099 1420 1240 1495 liberat,

575 1516 642 1598 Qui
665 1519 790 1581 lubens
814 1521 1045 1603 obtemperat.

442 1616 536 1699 Ergo
559 1636 638 1678 mea
661 1616 748 1678 salus
771 1636 884 1679 meum
907 1616 1114 1698 praefidium,

441 1714 494 1776 Tu
516 1734 571 1776 me
595 1713 777 1798 suscipiens
801 1713 869 1777 esto
891 1714 1103 1797 perfugium,

442 1811 531 1874 Nam
553 1820 669 1874 tecum
692 1811 854 1875 habitans
877 1832 957 1875 arce
982 1811 1163 1885 eelfissima‚

576 1908 712 1990 Sperne
736 1918 831 1972 tutus
854 1908 980 1973 infima.

441 2006 540 2069 Licet
563 2006 725 2069 desaeviat
748 2006 876 2070 hostilis
899 2008 1029 2081 rabies,

441 2104 589 2168 Invadat
612 2106 761 2186 populos
784 2103 874 2170 saeva
895 2105 1082 2187 pernicies,

441 2203 517 2266 Tuo
541 2223 595 2266 me
619 2213 786 2286 proteges
809 2203 844 2266 in
867 2203 1081 2281 habitacu10,

574 2300 682 2363 Velut
705 2303 975 2389 propugnacula

442 2397 592 2461 Monstra
614 2398 706 2461 mille
731 2399 814 2462 licet
836 2400 868 2462 se
892 2398 1006 2463 ferant
1030 2400 1146 2475 obvia,

442 2496 471 2557 E
492 2494 610 2560 ,castris
633 2496 775 2559 irruantv
788 2496 927 2560 densata
949 2497 1068 2574 millia,

442 2593 572 2656 Vincet
594 2594 658 2658 hos
681 2594 845 2676 impetus,
870 2595 988 2659 vincet
1011 2596 1201 2671 exercitus

576 2690 696 2755 Omnis
709 2692 785 2755 'tibi
808 2692 973 2759 subditus,

442 2789 577 2870 Nempe
600 2799 638 2852 tu
662 2790 843 2853 dominans
868 2790 981 2854 choris
1005 2791 1186 2874 angelicis

440 2887 583 2949 Fraenos
606 2887 740 2969 injicias
762 2889 884 2951 turmis
907 2887 1089 2952 maleficis:

441 2984 565 3061 Erunt,
591 2984 778 3068 fijufferis,
803 2995 868 3049 tuae
891 2984 1044 3065 familiae,

575 3081 738 3146 Coelestes
761 3083 902 3166 vigiliae.

441 3180 509 3243 Per
532 3180 652 3243 densas
675 3180 880 3244 latebras&
904 3180 1008 3244 saltus
1030 3182 1156 3259 invios

441 3278 605 3362 interque
629 3281 808 3358 tenebraS,
833 3279 952 3342 omnes
974 3279 1136 3343 innoxios

440 3376 581 3439 Ducent
605 3376 745 3458 aligeri,
770 3396 857 3459 quos
880 3386 958 3439 tuos
982 3377 1128 3452 dixeris,

573 3474 618 3536 Et
640 3475 756 3537 Mater
778 3474 959 3538 amaveris

440 3573 491 3635 Te
516 3581 668 3647 tutante,
693 3582 798 3654 caput
822 3572 1006 3635 calcabunt
1030 3572 1170 3654 aspidis,

441 3670 679 3752 Crudelesque
703 3668 796 3732 feras
818 3670 967 3752 pignora
990 3670 1141 3752 tigridis,
1171 3701 1174 3706 ·

1064 3767 1204 3849 Spiran·
