2900 4500
424 511 816 633 illul*

283 635 410 698 Poenas
433 654 528 697 meas
551 652 746 715 perennare

285 733 382 796 Deus
402 734 516 815 jubet,
541 751 608 793 nec
630 730 765 814 sperare

416 830 532 893 Ullam
555 828 654 891 malis
677 829 844 910 requiem.

284 929 379 992 Vere
401 928 466 991 fuit
489 929 557 990 hoc
579 927 694 1008 perire

284 1026 398 1108 Quum
420 1044 474 1087 me
500 1024 574 1087 dixi
597 1024 771 1106 deperire:

283 1124 355 1187 Ubi
378 1123 496 1210 petius
518 1143 615 1185 amor
638 1123 744 1207 coepit

283 1224 544 1306 imprudentem
566 1240 622 1283 me
647 1221 800 1303 decepit,

415 1312 471 1382 Ibi
493 1328 587 1381 totus
609 1318 706 1400 perii.

283 1419 356 1482 Illae
379 1417 526 1481 flammae
551 1436 638 1498 quas
661 1415 791 1479 nutrivi

283 1516 396 1598 Quum
420 1515 528 1579 amari
552 1515 736 1596 concupivi

284 1615 386 1679 Nitus
409 1616 516 1678 edunt
540 1613 578 1676 bt
600 1614 756 1676 ultrices:

283 1713 382 1776 Eheu
405 1715 528 1795 quales
551 1711 745 1773 amatrices!

416 1809 489 1872 Ah!
514 1818 681 1872 aeternum
705 1809 804 1890 perii.

285 1908 467 1990 Quondam
489 1909 628 1971 blandae
652 1906 889 1986 vostunones

283 2008 383 2070 Nunc
407 2005 556 2068 detestor
579 2005 617 2068 bt
640 2003 802 2068 bufones:

285 2104 315 2167 Ο
339 2125 403 2167 vos
427 2102 529 2166 effem
552 2112 737 2166 execratus

284 2201 432 2284 Quando
454 2201 603 2285 primum
626 2200 696 2263 sum
721 2209 880 2283 captatus

417 2298 536 2363 Oculis
557 2299 716 2363 illicibus,

283 2399 383 2462 Eheu
405 2419 460 2460 me
485 2397 526 2462 fic
551 2396 773 2471 dementalle‚

283 2496 404 2579 Atque
427 2496 562 2561 tantum
586 2494 742 2558 deliralle

282 2594 332 2657 Ut
356 2595 469 2657 carnis
492 2593 719 2676 putrescentis

283 2691 454 2755 Posttres
477 2693 553 2755 dies
575 2690 786 2774 putescentis

335 2798 340 2810 '
415 2791 569 2853 Tenerer
593 2788 776 2851 amoribus

282 2889 417 2952 Formae
442 2889 617 2969 quondam
639 2886 874 2963 blandienteS,

283 2986 390 3048 Modb
413 2984 484 3047 visu
507 2984 581 3046 sunt
604 2985 800 3047 horrentes:

283 3085 406 3167 Neque
430 3081 561 3166 polium
584 3083 735 3144 tolerare

284 3181 379 3265 Quos
403 3183 568 3245 ardebam
592 3178 763 3262 aspectare

415 3280 548 3343 Furens
570 3277 778 3341 insanissime.

283 3379 359 3458 Jam
382 3399 456 3440 non
475 3379 597 3440 molles
619 3376 843 3439 blandiuntur

283 3476 357 3539 Nec
380 3476 508 3538 blande
532 3473 867 3559 circumplectuntur,

282 3574 371 3637 Nam
395 3573 472 3654 quis
495 3572 585 3635 ferat
609 3573 801 3658 amplexari

885 3713 978 3795 Quas
