2900 4500
429 512 819 636 istem}

287 635 466 718 Quotquot
488 637 578 700 mala
600 637 789 700 machinari

287 735 418 798 Volent
441 734 470 798 u
493 734 641 797 insidiari

419 832 459 895 In
483 833 625 917 angusto
648 833 799 896 tranfitu.

288 928 419 993 Omnes
441 932 562 993 turbas
584 929 729 995 furiales

287 1026 468 1109 Dissipare
480 1026 549 1090 sola
572 1029 682 1103 vales,

288 1126 337 1188 Te
361 1124 530 1208 praesente
554 1124 832 1202 contremiscent,

287 1221 348 1285 Uti
372 1225 485 1287 furnus
509 1223 730 1300 evanescent,

421 1319 460 1385 Si
483 1320 618 1384 tanturn
640 1321 845 1402 respexeris.

288 1417 352 1480 Ille
372 1419 483 1502 judex
507 1420 583 1482 orbi
607 1419 724 1496 datus,

288 1515 399 1579 Nobis
423 1536 468 1579 ex
491 1525 527 1580 te
550 1516 665 1581 Matre
688 1528 804 1594 natus,

288 1612 409 1677 Noxas
433 1634 553 1678 omnes
575 1616 752 1680 relaxabit

289 1711 409 1794 Atque
433 1712 498 1785 tibi
521 1733 576 1775 me
601 1714 760 1787 donabit,

422 1808 460 1874 Si
484 1830 540 1873 me
564 1821 661 1873 tuum
685 1810 825 1873 dixeris.

287 1909 382 1993 Ergo
405 1908 520 1971 Mater
543 1905 750 1981 SalvatoriS‚

288 2007 366 2070 Lux
390 2015 496 2089 atque
519 2006 595 2089 spes
618 2004 776 2080 viatoris

288 2104 369 2168 Noli
391 2114 490 2167 tuum
513 2125 569 2167 me
585 2107 723 2188 'negare

290 2201 361 2267 Sed
387 2202 524 2267 clientis
547 2223 601 2266 me
626 2202 773 2286 dignare

420 2301 489 2363 Ter
511 2303 618 2365 beato
641 2300 795 2376 nornine,

290 2397 414 2463 Coram
437 2419 565 2483 magno
588 2399 767 2476 tribunali,

289 2497 361 2560 Ubi
385 2498 517 2592 cadent⁸
535 2518 656 2560 omnes
679 2497 774 2570 mali,

289 2595 339 2657 Te
363 2594 504 2661 favente
528 2594 610 2657 stem
632 2594 784 2669 securus,

288 2691 396 2755 Labis
420 2702 525 2775 atque
548 2712 652 2755 noxae
675 2711 783 2773 purus

422 2791 498 2852 Tuo
521 2790 581 2852 sub
605 2789 784 2851 tutamine.

292 2885 354 2951 Cui
375 2897 412 2950 te
435 2886 600 2951 monstras
625 2885 691 2949 esse
715 2886 880 2960 Matrem,

290 2983 338 3049 Se
361 2986 536 3068 praebebit
557 2984 657 3047 Deus
678 2984 832 3061 Patrem,

289 3082 334 3145 Et
356 3084 447 3147 hunc
471 3083 559 3147 sorte
582 3081 731 3145 filiorum

263 3239 268 3256 ,⁸
290 3180 491 3245 Munerabit
513 3183 711 3255 beatorum,

425 3277 583 3361 Coelsque
607 3278 748 3344 divitiis.

291 3376 376 3440 Cum
400 3376 522 3440 diletta
545 3376 668 3440 vivens
690 3376 819 3453 Matre,

291 3473 398 3537 Vivet
420 3476 477 3539 htc
501 3495 579 3538 cum
602 3474 682 3537 Deo
705 3474 823 3550 Patre,

290 3572 366 3635 Tuo
389 3581 472 3636 nato
496 3574 656 3653 sociatuS,

290 3669 334 3733 Et
358 3671 481 3734 aeterni
503 3672 643 3734 satiatus

425 3768 565 3832 Amoris
588 3769 733 3832 deliciis.
848 3766 875 3829 C
898 3787 915 3847 5
962 3768 1055 3831 Hinc
