2900 4500
419 474 810 600 {stulti}

282 593 456 678 Quicquid
480 597 568 659 aulae
593 596 781 665 servientes

281 691 521 759 Consestantur
544 697 766 762 blandientes

409 792 489 857 Non
513 792 559 857 est
582 815 698 859 meum
720 800 912 880 praemium.

155 965 157 969 y
279 886 430 971 Sperent
454 891 504 954 illi
526 893 745 976 magistratus

278 984 322 1048 Et
345 983 367 1048 li
390 989 507 1070 placet
530 991 760 1075 principatus,

410 1085 484 1148 Illis
506 1107 577 1151 non
600 1089 751 1156 invideo,

277 1181 414 1246 Aurum
436 1182 504 1247 illis
528 1189 733 1269 cumuletur,

278 1279 322 1342 Et
345 1281 524 1345 thesaurus
548 1297 745 1364 acervatur,

409 1379 488 1442 Non
512 1381 618 1445 estid
642 1386 737 1466 quod
760 1406 858 1453 aveo,

276 1474 355 1539 Non
378 1497 434 1540 me
459 1479 597 1543 blandae
621 1482 820 1568 voluptates

275 1572 434 1650 Ducunt,
457 1595 522 1640 nec
545 1577 745 1656 suavitates

408 1672 531 1755 Neque
555 1676 627 1739 vita
650 1680 794 1744 mollior.

276 1767 378 1833 Errat
400 1770 459 1834 ille
484 1773 641 1856 quisquis
665 1778 776 1841 credit

277 1864 380 1947 Quod
403 1869 518 1951 quise
541 1872 730 1936 histotum
755 1877 852 1941 dedit

407 1966 515 2033 Vivat
537 1969 594 2032 hic
617 1970 759 2036 felicior.

274 2060 367 2125 Vere
390 2084 460 2127 non
484 2085 522 2127 es
545 2066 599 2129 his
621 2077 783 2150 patrona,

273 2159 396 2242 Neque
420 2163 547 2226 norunt
569 2173 630 2227 tua
653 2168 761 2243 bona,

406 2258 588 2346 Quotquot
610 2266 709 2329 vanis
732 2267 875 2337 inhiant.

272 2356 351 2420 Non
374 2357 421 2421 est
443 2360 513 2423 tale
538 2363 633 2444 quod
655 2366 829 2449 promittis

275 2453 376 2536 Quod
400 2455 419 2519 ἑ
445 2455 541 2522 Coelo
565 2459 669 2524 servis
692 2463 800 2527 mittis

406 2553 445 2619 Si
467 2554 589 2620 fideles
611 2558 774 2638 serviant,

272 2650 347 2714 Nec
370 2651 406 2714 id
429 2663 513 2735 opto
537 2657 631 2739 quod
652 2660 799 2723 mortale

272 2748 379 2824 Fluit,
403 2753 560 2833 quamvis
584 2753 622 2817 fit
643 2757 779 2839 regale,

403 2848 482 2911 Non
506 2848 553 2912 est
576 2853 670 2934 quod
694 2854 857 2919 desidero

272 2944 326 3007 Tu
348 2943 410 3008 scis
434 2967 512 3028 quae
536 2968 591 3011 me
615 2948 691 3031 spes
714 2950 904 3031 succendit,

272 3041 317 3105 Et
340 3042 408 3126 qud
434 3045 548 3108 cursus
570 3066 667 3110 meus
690 3050 803 3113 tendit

401 3141 481 3224 ‘Qud
505 3151 541 3205 te
565 3163 684 3208 amans
706 3167 868 3230 propero.

270 3238 319 3301 Ut
343 3238 389 3301 est
412 3250 481 3302 tuae
504 3240 696 3322 potestatis,

270 3335 324 3399 Itd
347 3336 385 3400 s1t
407 3336 436 3400 &
459 3338 600 3423 pietatis

402 3434 592 3502 Amantem
613 3439 816 3521 perducere.

269 3532 375 3595 Potes
398 3535 482 3596 boni
504 3537 635 3600 sontem
658 3538 777 3601 vivum

271 3629 390 3713 Atque
413 3652 536 3717 puram
558 3635 671 3698 lucem
695 3637 811 3700 divum

402 3728 442 3793 Si
464 3732 562 3794 voles
586 3732 773 3801 ostendere.
