2900 4500
758 483 772 571 <
823 502 861 562 ³²
915 482 929 571 l

503 591 557 655 Ne
582 467 780 675 quiffimor
802 609 857 652 me
882 466 1040 652 deflet&

506 690 574 753 Vel
598 690 643 752 ad
666 706 776 774 prava
798 686 900 749 timor
923 685 1037 750 flectat

637 788 690 850 Tu
712 805 769 849 me
793 785 946 848 clemens
969 785 1091 868 dirige.

504 884 558 949 Ne
583 884 661 970 quis
683 883 796 947 flexus
819 881 1030 957 semitarum,

504 985 617 1047 Fallat
642 983 697 1046 vel
721 1000 818 1044 error
841 981 974 1046 viarum

637 1079 715 1166 Ipsa
735 1081 852 1142 lumen
873 1079 1026 1162 porrige.

505 1179 600 1241 Dum
621 1178 678 1241 hle
701 1179 794 1240 mala
816 1197 871 1240 me
897 1176 1112 1240 circumdant

506 1276 630 1342 Sciens
652 1276 745 1338 unde
769 1274 801 1337 se
827 1274 1008 1337 affundent

638 1372 696 1438 Sis
718 1373 803 1436 mihi
826 1372 954 1436 solatio

504 1471 608 1537 Vires
630 1472 752 1554 praebe
774 1471 948 1535 laboranti

506 1569 679 1634 Succurre
702 1568 914 1651 periclitanti

638 1667 734 1730 Dum
756 1666 826 1730 sum
849 1667 884 1729 in
908 1667 1023 1730 exilio

508 1759 580 1829 Ceu
603 1764 641 1829 [it
663 1765 737 1829 vita
759 1766 983 1850 perducenda

509 1862 582 1927 Ceu
606 1863 643 1926 lit
666 1872 778 1927 morte
800 1862 953 1939 finienda

640 1960 844 2041 Promptum
865 1957 920 2022 fer
943 1958 1119 2022 auxilium.

507 2060 612 2140 Jusmu
635 2057 696 2142 qui
719 2059 763 2121 de
786 2057 952 2120 tribunali

506 2156 683 2238 Judicabit
705 2155 891 2218 immortali

640 2254 711 2318 Fae
735 2254 819 2316 mihi
841 2254 1039 2337 propitium.

507 2353 631 2417 Mortis
655 2352 734 2415 eum
756 2360 916 2433 prement
940 2352 1077 2414 dolores

506 2449 595 2514 Mihi
616 2450 712 2512 leves
735 2447 792 2512 fac
814 2457 967 2512 terrores

641 2546 826 2610 Tremendi
846 2546 978 2629 judicii.

508 2646 633 2709 Manus
656 2655 717 2708 tua
740 2664 795 2706 me
819 2643 980 2708 sustentet

509 2742 550 2808 Si
572 2763 627 2807 me
650 2741 754 2805 hostis
777 2741 888 2807 forsan
911 2750 1025 2805 tentet

631 2840 771 2904 Timore
793 2839 961 2923 supplicii.

508 2940 579 3003 Fac
602 2948 642 3003 ut
664 2939 763 3003 vultu
785 2958 855 3001 non
877 2938 967 3002 irato

508 3038 603 3118 Jusus
626 3047 720 3113 tuuS,
744 3035 802 3099 sed
824 3036 964 3118 placato

640 3134 853 3218 Migrantem
876 3131 1041 3215 suscipiat.

509 3234 552 3296 Et
574 3233 611 3295 in
633 3253 744 3316 regno
767 3233 951 3295 beatorum

508 3332 606 3395 Inrer
629 3332 753 3394 choros
777 3328 960 3393 eletlorum

642 3427 840 3492 Clementer
863 3428 1020 3511 accipiat.
