2900 4500
414 497 471 618 ii
523 513 536 601 (
587 517 624 576 ⁶1
678 514 692 601 )
745 498 802 620 iit

269 620 381 683 Eheu!
406 620 514 684 nescis
537 622 558 683 ὂ
583 620 723 697 misella,

270 717 372 800 Quod
396 720 472 781 haec
494 717 568 780 vita
590 717 628 780 lit
651 718 783 782 fabella

402 817 495 879 Dum
518 817 572 881 his
594 817 698 900 nugis
720 816 857 879 teritur:

269 913 342 977 Irni>
366 913 479 998 magis
502 914 539 977 fit
562 917 730 977 malorum

270 1011 364 1075 Vere
387 1032 514 1095 parens
538 1023 746 1076 aeternorum

403 1109 516 1192 Quum
539 1109 582 1173 fic
606 1110 702 1173 stulte
726 1110 873 1174 ducitur.

269 1207 356 1270 Fors
379 1209 423 1270 de
446 1217 557 1290 putas.
573 1207 783 1272 fortunatam

229 1307 230 1310 ’
270 1306 374 1368 Viam
396 1315 520 1368 tenens
544 1307 756 1370 celebratam

401 1403 520 1465 Nobili
542 1402 758 1486 frequentia?

270 1500 363 1583 Quid
385 1510 421 1563 te
442 1501 565 1583 juvant
587 1513 785 1583 praeeuntes

239 1613 242 1618 ·
270 1598 381 1676 Mille,
406 1600 546 1681 quando
570 1609 757 1681 pereuntes

403 1697 546 1759 Ducunt
569 1699 614 1760 ad
636 1696 821 1781 supplicia?

270 1794 404 1877 Ecquid
427 1794 563 1877 prodest
586 1797 771 1859 comitatus

271 1891 311 1957 Si
332 1892 439 1955 trahit
462 1892 507 1955 ad
530 1894 702 1957 cruciatus
803 1896 806 1900 ’

401 1990 470 2053 Per
492 1988 568 2052 vias
590 1990 767 2072 nequitiae.

271 2087 382 2151 Eccur
406 2108 501 2151 amas
524 2086 567 2151 fic
590 2108 705 2151 errare

272 2186 350 2250 Non
373 2196 409 2248 te
433 2186 533 2250 vides
555 2187 744 2269 properare

403 2283 462 2346 Ad
485 2285 599 2348 locum
622 2284 783 2349 miseriae?

270 2382 416 2465 Ignoras
440 2384 535 2465 quod
558 2384 709 2448 vialata

274 2479 320 2543 Et
343 2480 364 2542 ai
387 2480 503 2543 multis
525 2480 724 2564 freqentata

403 2578 473 2641 Via
495 2578 533 2641 fit
555 2579 725 2643 interitus,

271 2676 350 2738 Non
373 2686 408 2739 te
432 2674 554 2739 fallant
576 2679 652 2740 haec
676 2698 825 2742 amnena:

272 2772 363 2836 Vide
388 2794 467 2857 quae
491 2773 528 2836 fit
551 2777 692 2837 tandem
715 2796 834 2858 poena,

405 2870 490 2953 Quis
513 2872 675 2955 sequatur
697 2873 823 2937 exitus.

272 2966 377 3051 Saepe
400 2968 467 3032 viae
491 2969 647 3046 laxioris²

271 3067 321 3130 Ut
343 3067 446 3129 luxus
468 3067 672 3143 licentioris,

404 3165 500 3230 Finis
524 3165 571 3229 est
595 3167 750 3229 exitium.

272 3260 395 3324 Mundi
418 3263 475 3325 via
498 3265 714 3347 gradientes

271 3359 331 3422 Ad
354 3360 502 3423 immane
526 3360 732 3439 nescientes

405 3458 496 3522 Eunt
518 3460 758 3546 praecipitium.

273 3554 398 3638 Spetia
420 3556 503 3619 mihi
526 3566 579 3619 tot
601 3559 738 3635 beatos,

273 3653 375 3736 Quod
399 3653 518 3717 audisti
541 3655 750 3733 nominatos,

405 3750 501 3814 Mille
524 3751 636 3818 virum
658 3754 778 3817 literis
