2900 4500
639 450 1029 576 {situlis}

501 570 569 635 Cur
592 571 635 636 lic
659 593 745 657 ergo
769 575 915 638 deliravi

499 667 647 749 Quando
671 670 769 736 stulte
787 674 989 755 permutavi

631 770 794 833 Terrenis
819 770 978 838 coelestia.

498 864 627 950 Ecquis
651 887 747 931 error
769 870 837 932 huc
860 889 915 932 me
939 870 1059 933 duxit?

497 962 593 1028 Heus
616 965 819 1048 phantasma
840 987 895 1030 me
919 966 1063 1031 seduxit.

498 1060 557 1124 An
579 1063 647 1126 hoc
670 1082 738 1148 ego
761 1063 832 1126 sum
854 1063 1009 1129 secutus?

498 1160 621 1224 Haeret
643 1161 776 1245 lingua:
800 1161 887 1226 resto
910 1173 1038 1238 mutus

629 1258 704 1341 Ipsa
728 1261 799 1324 sum
822 1260 965 1324 tristitia.

497 1353 567 1417 Hic
589 1354 624 1418 in
647 1357 762 1438 poenis
784 1359 996 1440 perdurab0,

498 1451 557 1515 Me
580 1454 740 1518 lamentis
764 1456 943 1520 cruciabo:

497 1549 708 1616 Delislorum
732 1573 800 1617 non
824 1554 953 1617 oblitus

496 1647 575 1712 Hoc
597 1647 737 1713 fatebor
758 1652 815 1714 vel
838 1651 980 1732 invituS,

629 1747 731 1811 Miser
755 1748 821 1812 else
845 1750 949 1814 volui.

496 1843 573 1930 Ipsa
595 1864 693 1908 mens
715 1866 771 1908 me
794 1849 1039 1929 reprehendet,

496 1941 593 2005 Mille
616 1944 746 2027 probra
769 1944 847 2008 cum
871 1946 1054 2010 obtendet:

496 2039 595 2103 Intus
617 2041 676 2103 ille
698 2062 755 2105 me
779 2043 965 2107 damnante

496 2137 622 2201 Dicam
645 2158 733 2203 voce
756 2140 982 2205 lamentante:

627 2235 730 2302 Felix
754 2237 819 2302 esse
843 2240 948 2304 nolui.
1126 2307 1127 2310 ,

498 2322 1166 2403 *i——ffi——ss-—fiss

673 2411 907 2485 Cnnrrcun
936 2414 991 2486 ΙΙΙ.

573 2515 750 2566 Lamentantis
768 2517 892 2581 perditam
911 2518 1092 2568 innocentiam.

739 2614 764 2698 ᾗ.
788 2611 925 2677 Umcus

606 2725 768 2790 Uondam
791 2728 869 2811 pius
893 2730 1091 2794 adolescens

606 2825 710 2887 Eram
733 2826 852 2910 primis
876 2827 974 2894 annis
998 2827 1168 2906 crescens,

494 2924 589 2989 Inter
613 2934 725 2986 coetus
747 2924 905 3006 puriores

494 3020 613 3105 Atque
638 3023 761 3084 choros
785 3021 943 3086 castiores

626 3118 799 3184 Vivebam
823 3120 1022 3189 sanstissime.

493 3217 610 3280 Mores
634 3227 734 3284 erant
758 3218 796 3280 ut
818 3218 960 3282 modesti

495 3313 553 3379 Sic
577 3314 749 3378 sermones
772 3325 855 3380 tunc
878 3316 1022 3382 honesti:

494 3411 658 3495 Quisquis
681 3413 748 3475 suit
770 3414 977 3499 impudicus,

492 3510 677 3593 Nunquam
698 3510 764 3575 suit
788 3512 817 3575 is
841 3513 984 3576 amicus:

625 3609 798 3673 Amabam
822 3609 1000 3677 castissime.

1116 3708 1188 3773 Sed
