2900 4500
439 443 828 566 11175111

297 568 409 651 Quam
433 567 480 630 est
503 568 604 630 dulce
628 567 795 629 morituro

296 667 353 728 Nil
376 676 560 728 terrenum¹
575 663 750 727 amaviffe!

297 763 410 846 Quium
433 763 534 828 suave
558 763 738 827 transituro

297 863 388 928 Illud
410 883 516 924 unum
539 860 723 944 quaefiviffe

430 959 532 1042 Quod
556 959 689 1042 semper
711 958 886 1041 poffideat.

300 1056 364 1121 Cui
388 1078 474 1120 crux
498 1061 577 1141 Jesu
600 1056 665 1120 fuit
689 1077 770 1120 cara

298 1156 403 1218 Putat
426 1156 483 1218 ille
508 1157 608 1219 dulce
632 1156 733 1219 mori:

299 1253 378 1315 Non
402 1252 449 1315 est
471 1252 521 1314 illi
544 1273 635 1315 mors
659 1273 778 1316 amara

300 1351 368 1433 Qui
392 1350 551 1414 conceffit
573 1350 606 1413 se
631 1352 753 1427 amori,

433 1448 510 1530 Quo
535 1448 567 1511 se
591 1449 680 1511 vidit
702 1449 835 1512 redimi.

301 1547 409 1608 Amat
432 1555 579 1609 mortem
601 1548 839 1609 imminentem

302 1644 381 1724 Jnsu
404 1646 562 1727 gaudens
585 1645 856 1728 propinquante:

301 1743 374 1806 Ubi
397 1742 499 1806 sentit
521 1743 720 1807 venientem

302 1841 366 1903 Illo
389 1845 491 1905 laetus
514 1850 709 1905 maturante

437 1937 512 2003 Scit
535 1938 567 2000 10
591 1939 690 2001 malis
714 1938 830 2001 eximi.

305 2037 396 2101 Cura
418 2037 501 2100 vitae
526 2035 676 2099 castioris

303 2136 414 2198 Menti
437 2155 553 2198 comes
576 2135 766 2207 innocenti,

303 2234 410 2318 Legis
433 2255 530 2297 amor
553 2231 704 2302 arctioris

303 2333 468 2395 Praebent
490 2332 584 2394 omni
607 2331 769 2395 morienti

438 2430 570 2495 Secura
593 2431 721 2494 solatia.

304 2529 417 2592 Levat
440 2550 560 2592 omnes
582 2550 673 2592 nunc
697 2547 865 2591 moerores

306 2627 404 2689 Dura
425 2647 489 2709 pro
513 2637 548 2690 te
572 2626 760 2713 pertuliffe,

308 2724 453 2788 Crucem
475 2734 571 2787 tuam
594 2724 622 2787 n
646 2726 797 2801 doloreS,

308 2821 338 2886 O
361 2822 409 2884 mi
431 2822 522 2902 Jusu‚
548 2820 687 2885 coluiffe

438 2919 551 2981 Fideli
574 2920 748 2982 memoria.

307 3017 420 3100 Quam
443 3017 589 3081 delectat
611 3016 744 3080 latuiffe

306 3114 428 3178 Mundi
451 3118 572 3178 turbas
595 3117 836 3198 ignorantem?

308 3213 352 3276 Et
375 3214 409 3275 in
434 3215 522 3276 cella
545 3213 707 3297 quieviffe

310 3311 395 3373 Vias
418 3312 498 3373 coeli
520 3312 746 3376 meditantem

442 3409 582 3491 Quanta
604 3431 695 3473 nunc
718 3410 895 3474 securitas!
960 3472 963 3477 ,

909 3595 1006 3659 Colla
