2900 4500
439 538 807 661 umet

290 662 437 744 Qualem
459 665 528 727 fert
551 661 774 725 infortunatae

288 761 403 844 Hujus
425 759 527 824 nobis
551 759 727 823 destinatae

422 860 530 921 Tetra
553 860 674 921 domus
698 857 819 920 facies:

293 956 403 1020 Astris
424 957 518 1019 mille
540 955 794 1018 firmamentum

291 1056 402 1118 Lucet
425 1054 519 1117 orbis
543 1063 796 1117 ornamentum:

424 1150 495 1216 Sed
518 1152 600 1214 hinc
623 1148 754 1213 nullum
778 1151 940 1216 cernitur.

291 1250 430 1313 Pulchri
454 1247 546 1313 Solis
569 1248 647 1311 Lux
670 1248 789 1311 serena

290 1348 407 1411 Terris
431 1347 570 1430 fulgens
594 1347 640 1410 est
664 1366 814 1423 amoena,

422 1445 494 1509 Sed
517 1445 598 1508 hinc
621 1464 691 1507 non
716 1444 885 1526 aspicitur.

289 1542 398 1607 Nodtu
421 1542 525 1608 stellae
550 1543 630 1606 coeli
653 1543 782 1620 rident,

290 1639 362 1704 Sed
384 1643 440 1704 hic
465 1641 567 1704 claufi
589 1641 674 1704 nihil
697 1642 830 1704 vident:

423 1738 517 1801 Nihil
540 1739 618 1802 illos
641 1750 787 1805 recreat.

292 1836 391 1899 Luna
413 1837 519 1899 noctis
543 1835 589 1899 est
612 1835 775 1913 solamen,

291 1932 363 1998 Sed
385 1935 442 1997 hic
465 1935 595 1996 nullum
619 1934 665 1997 est
688 1936 862 1998 levamen:

422 2032 516 2094 Nihil
540 2030 596 2117 est·
609 2034 701 2114 quod
725 2032 873 2113 placeat.

290 2129 399 2192 Terra
420 2130 549 2191 blando
573 2128 658 2192 flore
682 2130 773 2192 laeta.

290 2225 411 2312 Atque
435 2227 543 2291 multo
567 2226 640 2291 latu
662 2226 749 2291 foeta

422 2326 554 2389 Dulces
577 2325 704 2390 fruetus
726 2337 899 2409 procreat.

289 2423 355 2486 His
377 2423 413 2486 in
437 2424 545 2487 antris
568 2425 652 2487 nulli
675 2423 778 2489 flores

290 2521 413 2604 Neque
436 2521 559 2584 florum
582 2520 657 2585 sunt
680 2523 819 2600 odores,

423 2619 481 2681 Nil
504 2619 551 2683 est
574 2620 668 2702 quod
691 2641 762 2683 non
785 2620 917 2685 foeteat.

591 2854 616 2937 ᾗ.
640 2872 666 2917 2.

401 2973 456 3038 On
480 2975 628 3039 oblectat
651 2979 707 3039 hic
732 2976 883 3060 aspettus

400 3074 523 3156 Neque
547 3075 659 3138 mollis
683 3074 730 3138 est
754 3075 895 3139 affectus

424 3170 536 3234 Invisa
558 3171 633 3236 sunt
656 3174 782 3240 omnia.

292 3267 407 3332 Tristis
427 3268 455 3331 dr
478 3278 559 3332 trux
583 3271 695 3334 omnis
718 3272 849 3335 vultus:

292 3366 431 3441 Terror,
454 3369 576 3430 horror
599 3368 691 3432 adest
714 3370 856 3445 multuS‚

423 3465 567 3552 Ingrata
590 3466 662 3530 lunt
687 3468 810 3531 omnia.

590 3600 624 3662 A
645 3622 662 3680 3
931 3601 1055 3664 Nullus
