2900 4500
564 477 1033 599 *lulis

503 599 557 662 Illi
581 609 712 663 metum
735 620 916 663 removere

506 696 604 760 Comi
627 699 724 761 vultu
748 699 907 761 deridere

636 795 944 879 Religiosissimum.

503 893 575 955 Ubi
599 894 692 977 coepi
715 894 919 970 consentire,

504 990 624 1075 Atque
649 991 743 1055 simul
765 992 930 1056 lascivire.

503 1089 601 1153 Tunc
625 1088 773 1154 Sodales
796 1090 956 1154 assentari

505 1185 727 1251 Gratulantes
751 1188 944 1271 amplexari

635 1284 745 1348 Velut
767 1286 1031 1351 urbaniffimum.

506 1382 592 1446 Cum
614 1385 764 1465 puderet
786 1404 842 1447 me
865 1387 1055 1468 pudentem

504 1479 579 1542 Nec
602 1479 714 1543 videri
738 1480 786 1544 sat
809 1484 1010 1560 audentem,

503 1576 615 1640 Amor
638 1598 758 1641 amens
780 1599 836 1643 me
860 1580 989 1645 inceffit

504 1676 549 1738 Et
572 1674 715 1740 afflislus
739 1678 853 1759 pudor
876 1678 983 1742 ceffit:

637 1774 733 1838 Vicit
755 1775 979 1858 impudentia.

504 1872 580 1954 Ego
605 1891 722 1936 coecus
745 1873 913 1956 implicari

505 1970 640 2034 Vinclis
662 1970 763 2035 novis
786 1972 934 2055 alligari:

504 2068 603 2131 Eheu
625 2068 724 2132 miser
749 2069 940 2135 serviebam

392 2222 395 2228 .
505 2165 591 2229 Cum
614 2166 729 2230 insane
752 2167 943 2252 gestiebam

636 2266 779 2330 Lasciva
802 2267 952 2332 licentia.

504 2363 572 2425 Prb
597 2363 708 2426 dolor!
734 2365 829 2447 quod
851 2385 921 2428 non
943 2366 1087 2444 licebat,

503 2460 636 2543 Magno
660 2460 739 2524 Deo
764 2462 981 2545 displicebat,

504 2557 618 2621 Ausus
642 2559 709 2643 ego
734 2561 906 2643 cogitare,

505 2655 629 2721 Sciens
653 2658 776 2721 volens
797 2668 1001 2740 perpetrare

636 2754 807 2818 Exultans
829 2755 974 2840 flagitio,

503 2851 548 2915 Et
570 2851 710 2916 felicem
733 2874 788 2916 me
811 2856 993 2937 putabam,

506 2948 593 3013 clm
615 2970 669 3013 me
693 2950 806 3035 magis
829 2952 1068 3035 inquinabam:

504 3048 578 3112 Nec
602 3050 764 3132 voluptas
786 3050 921 3112 irritata

504 3146 585 3209 Fuit
607 3167 762 3229 unquam
785 3147 905 3211 satiata

637 3244 710 3310 Suo
734 3245 909 3310 desideria

503 3339 591 3422 Quae
615 3342 755 3427 farrago
779 3353 862 3407 tunc
885 3364 1040 3408 amorum

501 3439 745 3522 Perstrepebat
769 3440 1010 3506 effraenorum?

504 3536 612 3600 Velut
634 3537 722 3620 picis
745 3539 922 3603 bullientis

503 3634 585 3698 Fuit
608 3635 705 3699 aestus
728 3634 951 3701 fervescentis

635 3732 819 3798 Malesanis
843 3734 993 3818 ignibus,
