2900 4500
679 431 1071 554 iiilffilii}

539 555 597 617 Nil
618 554 807 617 tradarunt
830 556 1037 636 temporale,

540 652 598 714 Nil
621 652 738 732 inane,
763 652 811 715 nil
834 654 985 729 carnale,

673 748 746 813 Sed
770 750 850 814 eoeli
875 751 1090 814 commercia.

540 847 631 911 Ecce
655 848 746 910 votis
769 849 994 930 perfruuntur

538 945 583 1008 Et
606 945 775 1009 aetemum
798 946 977 1027 potiuntur

671 1043 780 1105 Plena
803 1043 870 1105 Dei
893 1045 1032 1126 gaudia.

539 1141 592 1203 En
615 1140 765 1203 diversos
789 1140 901 1203 cernis
923 1139 1010 1204 fines

540 1238 632 1301 Vide
656 1240 798 1301 tandem
822 1239 891 1321 qud
915 1240 1069 1302 declines

673 1336 828 1419 Quorum
851 1336 975 1399 sortem
1000 1337 1129 1420 cupias

540 1433 625 1497 Vita
647 1434 764 1497 tranlit
786 1436 862 1496 haec
885 1436 1054 1511 mortalis

540 1531 674 1614 Cuique
699 1531 774 1594 dies
798 1531 859 1595 stat
881 1530 1011 1596 fatalis:

673 1628 822 1713 Oportet
845 1642 883 1692 ut
905 1628 1014 1694 finias,

543 1725 621 1791 Seis
645 1728 738 1808 quod
762 1728 872 1790 debes
894 1726 974 1791 hinc
997 1730 1162 1813 migrare,

540 1825 631 1888 Vide
656 1825 739 1908 quid
762 1825 865 1908 pollis
889 1829 1040 1909 sperare,

672 1923 712 1986 In
737 1944 840 2005 quem
862 1925 976 1987 locum
999 1924 1161 1988 transeas

540 2020 655 2103 Quum
678 2030 835 2084 terrenas
857 2022 993 2103 linques
1017 2024 1124 2098 aedes,

539 2119 581 2180 In
603 2117 758 2182 coelestes
781 2119 849 2182 ibis
872 2119 968 2181 sedes

671 2216 740 2279 Vel
764 2215 890 2281 inferni
914 2237 1049 2282 caveas

540 2314 653 2377 Antra
675 2314 751 2377 sunt
773 2317 830 2378 hic
852 2316 1044 2391 ululantum

536 2413 663 2476 Poenas
686 2411 762 2475 luas
784 2413 1034 2477 lamentantiim

672 2508 880 2593 Sortemque
904 2510 1134 2576 miserrimam.

539 2608 593 2671 Ibi
615 2608 717 2671 bonis
741 2610 958 2672 abundantes

539 2705 676 2789 Agunt,
700 2704 784 2768 festa
807 2707 1040 2783 celebrantes

672 2802 792 2866 Vitam
815 2804 1049 2868 beatiffimam.

665 2900 1084 2975 *}=-—-3·=·

733 2995 935 3068 CAnncun
963 2997 1022 3068 IV.

565 3108 631 3171 Quis
650 3109 735 3157 lenius
755 3108 879 3157 mundani
896 3110 1043 3167 morientis,
1063 3125 1121 3159 cum
1140 3126 1182 3159 ex-

662 3188 776 3253 piraturo
795 3188 931 3238 crucifixus
950 3189 1085 3239 offeretur?

836 3286 862 3369 ᾗ.
887 3306 912 3351 1.

542 3361 641 3559 H
655 3410 722 3453 ouo
747 3390 902 3473 quisquis
925 3392 1003 3454 Deo
1027 3401 1160 3468 natum,

654 3486 720 3549 Tui
744 3486 844 3551 caula
866 3489 969 3552 morti
991 3492 1111 3553 datum

673 3583 808 3661 Credis,
832 3605 946 3669 neque
971 3588 1097 3671 diligis

1158 3686 1235 3750 Post
