2900 4500
648 498 1038 624 {simiis

511 617 579 681 Cur
603 622 733 683 amicus
757 621 944 687 seducebas

509 715 553 780 Et
576 720 741 782 trahebas
765 720 935 784 irretitum

519 849 521 852 >
640 817 723 879 Tuis
747 818 948 883 lenociniis?

508 911 619 976 Amor
641 922 721 977 tuus
745 936 789 977 an
812 915 943 980 fidelis?

508 1010 618 1073 Furor
641 1009 706 1074 fuit
728 1013 785 1076 hic
810 1016 972 1080 crudelis:

509 1105 624 1187 Quum
645 1111 774 1173 ruebas
796 1111 832 1174 in
856 1115 1051 1198 amplexus,

508 1205 615 1268 Velut
639 1208 764 1290 anguis
787 1211 908 1274 molles
931 1232 1043 1277 nexus

640 1304 826 1370 Tendebas
848 1308 984 1392 flagitii.

508 1400 646 1463 Vellem
669 1404 782 1487 magis
805 1427 860 1469 me
884 1407 1021 1486 odiffe5‚

508 1496 552 1559 Et
575 1518 710 1563 amores
733 1501 950 1586 respuentem

508 1594 670 1660 Inimicus
692 1601 890 1681 peremiffes

508 1694 584 1757 Tali
607 1705 718 1759 morte
741 1712 998 1780 promerentem

642 1792 813 1858 Coronam
836 1796 1003 1881 Martyrii.

508 1889 618 1954 Essem
641 1892 745 1955 modo
769 1905 953 1960 coronatus

509 1988 652 2052 Consors
675 1991 775 2073 regni
799 1995 994 2058 beatorum:

508 2086 607 2150 Nunc
630 2087 669 2152 ut
692 2090 795 2153 torris
819 2089 1049 2158 inflammatus

507 2184 548 2246 In
571 2185 625 2248 his
647 2185 745 2253 saevis
768 2188 956 2256 inferorum

638 2286 828 2350 Lamentor
851 2288 1031 2355 incendiis

508 2381 645 2445 Vellem
668 2404 789 2447 omnes
812 2384 976 2452 scelerate

508 2479 590 2543 Istas
612 2479 768 2545 flammas
791 2486 973 2568 patereris:

508 2577 547 2639 In
572 2587 606 2640 te
631 2577 738 2642 essent
761 2594 981 2666 aggregatae:

507 2676 595 2738 Nam
620 2676 703 2758 quid
725 2678 838 2742 minus
861 2691 899 2744 tu
922 2685 1065 2747 mereris

642 2773 776 2839 Cunttis
799 2778 855 2840 his
876 2779 1067 2862 suppliciis?

400 2875 403 2880 ’
508 2868 538 2933 O
562 2870 583 2933 fi
607 2893 695 2935 unus
717 2874 871 2956 periisses

508 2968 629 3052 Teque
653 2970 758 3035 solum
781 2976 994 3055 perdidisses!

507 3066 596 3131 Nam
620 3089 681 3131 cur
704 3068 725 3131 a
747 3079 783 3133 te
806 3071 1003 3152 fascinatu3‚

507 3166 564 3241 Et,
588 3166 651 3251 prs)
676 3168 788 3231 dolor!
813 3170 1012 3254 inquinatus

640 3264 719 3327 Una
741 3277 857 3331 tecum
879 3275 1007 3353 pereo?

506 3360 578 3424 Ah!
604 3361 625 3424 fi
647 3373 683 3425 te
707 3384 881 3448 nunquam
904 3369 1072 3448 vidissem,

507 3460 691 3542 Nunquam
715 3483 782 3546 ego
806 3467 1047 3547 peccavisiem:

507 3557 580 3623 Sed
602 3560 747 3642 peccavi
770 3572 806 3624 te
830 3563 992 3629 suadente

508 3657 642 3732 Verb0,
667 3658 762 3722 sartis
785 3676 978 3744 praeeunte,

639 3755 683 3819 Et
706 3779 796 3822 nunc
819 3769 935 3824 tecum
958 3766 1074 3827 ardeo.
