2900 4500
639 495 1032 620 ututur

501 620 596 702 Quas
619 623 674 683 hle
697 620 845 683 flammis
868 619 1081 683 concremari

634 717 775 803 Spectat
796 714 1059 799 flagrantiffime.

500 815 639 881 Mecum
662 815 730 878 illae
755 815 950 878 cruciantur

499 913 635 976 Eisdem
658 912 754 995 rogis
776 911 1044 976 inflammantur:

499 1010 636 1074 Vellem
660 1011 825 1093 quicquid
848 1012 905 1073 hlc
927 1008 1142 1072 flammarum

499 1108 613 1172 Locus
636 1110 758 1185 habet,
782 1108 818 1170 id
842 1108 977 1170 illarum

632 1207 796 1275 Torreret
819 1204 1020 1290 praecordia.

500 1303 559 1368 An
582 1304 625 1367 fic
648 1303 778 1390 pollem
801 1302 952 1366 recreari

501 1402 546 1466 Et
570 1403 690 1467 dolore
713 1401 862 1467 relevari

501 1500 597 1563 Inter
619 1502 720 1584 ignes
743 1502 808 1563 hos
830 1508 973 1561 urentes

501 1598 595 1661 Dum
618 1600 782 1665 arderent
804 1598 859 1659 hae
882 1605 1081 1680 gementes:

632 1695 731 1759 Eheu
756 1714 834 1777 quae
857 1692 996 1760 solatia?

501 1792 574 1858 Sed
596 1794 654 1861 hic
677 1793 763 1856 nihil
786 1782 1013 1867 nos'lolatur‚

500 1891 594 1954 Nulli
616 1911 723 1974 poena
745 1890 939 1974 mitigatur:

387 1992 390 1997 ’
501 1989 611 2052 Dolor
635 2009 715 2059 acer
738 1988 831 2051 intus
853 1988 988 2064 sedens,

501 2085 669 2151 Odiorum
690 2086 786 2150 furor
810 2088 918 2149 edens
1007 2100 1010 2105 ·

632 2185 773 2248 Nullum
794 2184 919 2267 linquit
941 2181 1116 2266 gaudium.

492 2284 575 2348 ¹Nec
599 2304 746 2346 aceruus
769 2283 1007 2366 ingementum

500 2387 593 2445 Lene
616 2380 702 2446 facit
724 2382 781 2442 hle
803 2381 1002 2444 lamentum.

500 2480 624 2562 Neque
647 2480 776 2543 multus
798 2479 948 2543 ululatus

500 2576 615 2639 Leves
637 2575 722 2638 facit
746 2576 918 2640 cruciatus

632 2673 707 2736 Nec
731 2693 855 2756 poenas
877 2675 1077 2739 dolentium.

501 2769 631 2835 Omnes
654 2771 714 2835 iris
738 2773 955 2836 cumulantur

500 2869 620 2951 Atque
644 2870 758 2953 poenis
782 2870 981 2954 asperantur

500 2967 611 3030 Nemo
634 2967 745 3050 potest
768 2988 838 3031 nun
861 2970 992 3048 dolere,

501 3064 623 3127 Nullus
644 3065 757 3147 potest
781 3068 981 3145 condolere,

632 3161 702 3225 Vel
725 3163 822 3226 solari
845 3163 980 3227 socium.

500 3261 550 3323 Ut
572 3261 710 3330 dolores
734 3260 807 3324 lunt
830 3260 1009 3337 immanes,

501 3359 635 3421 Furunt
658 3378 778 3421 omnes
801 3356 851 3421 uti
875 3378 992 3422 canes:

501 3456 602 3519 Mens
626 3457 735 3522 oblita
757 3455 899 3538 pietatis

502 3554 646 3617 inimica
669 3553 849 3618 charitatis

634 3650 741 3713 Versa
764 3650 810 3713 est
834 3650 870 3714 in
893 3652 1019 3720 odium.

1108 3751 1210 3801 Vernis
