2900 4500
426 499 816 621 *tw*

283 624 360 704 Jam
383 623 539 705 peccatis
562 633 597 685 te
622 621 834 685 constridum

283 723 337 784 ssli
360 730 482 784 tenent
505 720 717 796 derelidtum,

416 819 483 881 His
506 828 541 881 te
565 817 657 881 solve
681 818 831 881 funibus.

285 916 432 998 Quando
456 917 524 979 mei
547 936 619 981 vox
642 916 772 979 doloris

284 1016 363 1078 Non
385 1025 421 1077 te
444 1015 568 1089 movit,
591 1034 657 1077 nec
681 1014 808 1077 amoris

418 1112 541 1175 Dulcis
564 1112 735 1175 invitatio,

285 1212 364 1274 Non
387 1230 442 1273 me
466 1219 564 1273 tenet
586 1209 768 1272 morientis

286 1308 386 1371 Metu
408 1308 531 1371 mortis
553 1306 782 1370 horrescentis

418 1406 500 1468 Ulla
523 1403 704 1470 miseratio.

287 1503 354 1565 Exi
376 1502 477 1565 miser
499 1502 545 1564 ad
566 1502 720 1565 lamenta

287 1601 359 1664 Ubi
382 1610 523 1663 manent
545 1610 581 1663 te
605 1610 779 1664 tormenta

420 1698 466 1760 Et
488 1697 591 1760 tristis
614 1699 801 1761 aetemitas.

289 1797 344 1860 Ibi
368 1816 473 1881 poena
495 1816 566 1858 non
589 1794 732 1859 ceffabit

289 1895 409 1975 Atque
433 1903 549 1956 tecum
572 1894 776 1975 perdurabit

422 1990 551 2053 Infelix
574 1991 761 2054 aeternitas,

290 2089 418 2171 Ecquis
442 2089 508 2151 erit
531 2088 646 2151 cordis
668 2092 819 2172 languor

290 2186 483 2253 Pavefaaae
506 2186 633 2251 mentis
657 2206 768 2270 angor

424 2285 463 2350 Si
486 2288 550 2350 has
573 2305 681 2349 voces
704 2286 844 2349 audies?

291 2385 365 2447 Nec
388 2395 427 2447 tu
447 2383 533 2466 juste
556 2384 782 2466 conquereris

294 2481 380 2545 Cirm
403 2482 424 2545 a
446 2481 525 2561 Jrsu
548 2482 715 2545 desereris

427 2578 537 2662 Quem
562 2579 713 2662 sprevisti
735 2579 872 2643 millies.

293 2677 381 2740 Haec
404 2677 427 2739 [i
449 2697 520 2740 non
542 2677 596 2739 vis
620 2677 774 2759 experiri

293 2775 337 2838 Et
360 2774 382 2836 [i
404 2774 515 2838 mavis
539 2774 696 2837 exaudiri

426 2871 550 2935 Mortis
572 2872 608 2934 in
632 2871 806 2955 angustiis.

295 2969 399 3050 Jrsuu
423 2971 520 3033 coelis
544 2971 588 3033 ad
611 2990 674 3033 nos
698 2969 829 3033 miffurn

296 3068 388 3131 Ama
411 3069 505 3131 cruci
528 3088 592 3150 pro
616 3078 651 3130 te
675 3067 783 3131 fixum

428 3166 562 3229 Intimis
584 3166 797 3249 praecordiis,

296 3264 356 3328 An
378 3284 449 3328 non
472 3274 573 3349 potes
596 3266 688 3327 hunc
711 3285 828 3329 amare

298 3362 367 3446 Qui
389 3362 438 3425 nil
461 3372 554 3426 amat
577 3361 682 3445 quam
704 3361 840 3426 servare

430 3460 475 3522 Et
498 3470 536 3523 ut
559 3460 657 3524 vivas
680 3460 844 3523 moritur?

581 3646 652 3725 E4
