2900 4500
654 505 1047 627 *tw*

516 627 619 690 Viam
638 626 733 710 fugis
757 626 949 706 ardiorem,

514 723 631 789 Nescis
654 726 749 808 quod
772 723 962 801 feliciorem

647 821 742 884 Nulli
764 821 866 884 datur
887 843 1038 908 pergere

514 918 579 981 Ista
602 939 755 1003 pergens
778 939 849 981 non
872 918 1021 985 offendis

514 1017 558 1079 Et
581 1018 626 1079 ad
649 1037 768 1079 veram
791 1016 885 1079 viam
907 1019 1036 1094 tendiS,

646 1116 698 1177 Tu
721 1115 792 1177 noli
816 1113 1007 1181 deflectere.

513 1212 566 1275 En
589 1213 625 1275 in
648 1214 745 1276 coelis
769 1214 924 1277 coronati

513 1311 636 1374 Nonne
660 1311 724 1374 tibi
748 1310 822 1373 sunt
845 1313 942 1375 beati

646 1408 747 1471 Veris
769 1408 864 1490 pleni
887 1411 1035 1493 gaudiis

514 1504 644 1569 Omnes
666 1507 745 1570 Deo
770 1508 1022 1592 complacente,

513 1602 677 1668 Gaudent
700 1604 797 1686 pacis
820 1607 1009 1687 opulentae,

644 1702 801 1765 AEternis
825 1703 965 1769 divitiis.

512 1800 605 1863 Nihil
628 1804 747 1863 turbat
770 1801 981 1878 exultantes,

511 1898 596 1961 Inde
619 1898 742 1981 procul
764 1899 1009 1980 lamentantes,

646 1995 821 2078 Quicquid
844 1998 1032 2065 illaetabile.

511 2094 647 2157 Tenent
669 2093 705 2156 id
728 2097 820 2178 quod
843 2104 1060 2177 amaverunt,

511 2192 594 2267 Die,
618 2192 715 2257 notte
740 2192 981 2277 quaefiverunt,

645 2291 818 2375 Quicquid
841 2291 888 2355 est
912 2293 1071 2357 amabile.

511 2389 565 2452 Ibi
586 2388 663 2476 justi
686 2389 761 2452 sunt
783 2392 947 2469 honores,

511 2487 565 2549 Ibi
589 2485 669 2550 casti
692 2486 766 2550 sunt
789 2508 938 2567 amores,

644 2583 745 2647 Puris
768 2585 866 2669 digni
889 2587 1073 2654 mentibus.

509 2682 588 2745 Non
612 2681 658 2745 est
682 2683 834 2765 quinon
857 2686 1059 2761 honoretur,

510 2780 583 2842 Nec
607 2801 710 2863 quem
734 2780 832 2844 Deus
856 2802 925 2845 non
949 2783 1114 2866 dignetur

478 2873 482 2880 ’
642 2878 778 2941 Meritis
800 2879 1001 2943 honoribus,

509 2976 632 3038 Nullus
655 2976 704 3039 ibi
727 2976 830 3039 timor
853 2977 947 3041 meli:

509 3071 592 3136 Vita
614 3073 736 3137 vivunt
758 3074 956 3153 immortali,

641 3171 724 3234 Vite
749 3171 957 3237 securiffima.

507 3268 587 3330 Nox
610 3289 680 3333 non
702 3270 800 3333 venit
822 3271 1033 3357 importuna,

507 3365 614 3429 Adest
637 3367 704 3429 illis
728 3368 907 3443 diesuna,

640 3465 727 3528 Dies
746 3466 990 3550 jucundiffima.
