<?xml version="1.0" encoding="UTF-8"?>
<!DOCTYPE html PUBLIC "-//W3C//DTD XHTML 1.0 Transitional//EN"
    "http://www.w3.org/TR/xhtml1/DTD/xhtml1-transitional.dtd">
<html xmlns="http://www.w3.org/1999/xhtml" xml:lang="en" lang="en">
 <head>
  <title>
</title>
<meta http-equiv="Content-Type" content="text/html;charset=utf-8" />
  <meta name='ocr-system' content='tesseract 3.04.00' />
  <meta name='ocr-capabilities' content='ocr_page ocr_carea ocr_par ocr_line ocrx_word'/>
</head>
<body>
  <div class='ocr_page' id='page_1' title='image "./chilidulachryma00platgoog_0055.png"; bbox 0 0 2900 4500; ppageno 0'>
   <div class='ocr_carea' id='block_1_1' title="bbox 442 503 831 624">
    <p class='ocr_par' dir='ltr' id='par_1_1' title="bbox 442 503 831 624">
     <span class='ocr_line' id='line_1_1' title="bbox 442 503 831 624; baseline 0 0"><span class='ocrx_word' id='word_1_1' title='bbox 442 503 831 624; x_wconf 51' lang='lat' dir='ltr'>{tiata}</span> 
     </span>
    </p>
   </div>
   <div class='ocr_carea' id='block_1_2' title="bbox 298 626 982 2276">
    <p class='ocr_par' dir='ltr' id='par_1_2' title="bbox 298 626 982 2276">
     <span class='ocr_line' id='line_1_2' title="bbox 298 626 685 691; baseline -0.005 -2"><span class='ocrx_word' id='word_1_2' title='bbox 298 627 404 691; x_wconf 81' lang='lat' dir='ltr'>Paret</span> <span class='ocrx_word' id='word_1_3' title='bbox 428 647 524 690; x_wconf 90' lang='lat' dir='ltr'>amor</span> <span class='ocrx_word' id='word_1_4' title='bbox 547 626 685 690; x_wconf 89' lang='lat' dir='ltr'>curialis</span> 
     </span>
     <span class='ocr_line' id='line_1_3' title="bbox 299 722 790 807; baseline -0.002 -20"><span class='ocrx_word' id='word_1_5' title='bbox 299 722 372 787; x_wconf 87' lang='lat' dir='ltr'>Sed</span> <span class='ocrx_word' id='word_1_6' title='bbox 395 725 548 807; x_wconf 88' lang='lat' dir='ltr'>pruritus</span> <span class='ocrx_word' id='word_1_7' title='bbox 571 724 618 787; x_wconf 87' lang='lat' dir='ltr'>est</span> <span class='ocrx_word' id='word_1_8' title='bbox 642 724 790 788; x_wconf 84' lang='lat' dir='ltr'>carnalis</span> 
     </span>
     <span class='ocr_line' id='line_1_4' title="bbox 432 821 790 907; baseline 0.003 -23"><span class='ocrx_word' id='word_1_9' title='bbox 432 821 603 905; x_wconf 89' lang='lat' dir='ltr'>Impudici</span> <span class='ocrx_word' id='word_1_10' title='bbox 626 822 790 907; x_wconf 79' lang='lat' dir='ltr'>corporiS.</span> 
     </span>
     <span class='ocr_line' id='line_1_5' title="bbox 299 918 774 997; baseline 0.008 -17"><span class='ocrx_word' id='word_1_11' title='bbox 299 919 356 981; x_wconf 89' lang='lat' dir='ltr'>Nil</span> <span class='ocrx_word' id='word_1_12' title='bbox 380 918 426 983; x_wconf 89' lang='lat' dir='ltr'>est</span> <span class='ocrx_word' id='word_1_13' title='bbox 449 921 485 982; x_wconf 83' lang='lat' dir='ltr'>ni</span> <span class='ocrx_word' id='word_1_14' title='bbox 510 922 627 983; x_wconf 88' lang='lat' dir='ltr'>calens</span> <span class='ocrx_word' id='word_1_15' title='bbox 649 921 774 997; x_wconf 86' lang='lat' dir='ltr'>libido,</span> 
     </span>
     <span class='ocr_line' id='line_1_6' title="bbox 299 1016 729 1101; baseline 0.002 -22"><span class='ocrx_word' id='word_1_16' title='bbox 299 1016 344 1079; x_wconf 88' lang='lat' dir='ltr'>Et</span> <span class='ocrx_word' id='word_1_17' title='bbox 367 1016 579 1083; x_wconf 83' lang='lat' dir='ltr'>inflammata</span> <span class='ocrx_word' id='word_1_18' title='bbox 602 1018 729 1101; x_wconf 89' lang='lat' dir='ltr'>cupido</span> 
     </span>
     <span class='ocr_line' id='line_1_7' title="bbox 432 1116 720 1179; baseline 0.003 -1"><span class='ocrx_word' id='word_1_19' title='bbox 432 1116 551 1179; x_wconf 88' lang='lat' dir='ltr'>Alieni</span> <span class='ocrx_word' id='word_1_20' title='bbox 574 1117 720 1179; x_wconf 79' lang='lat' dir='ltr'>decoriS.</span> 
     </span>
     <span class='ocr_line' id='line_1_8' title="bbox 300 1212 982 1297; baseline 0.007 -24"><span class='ocrx_word' id='word_1_21' title='bbox 300 1212 389 1274; x_wconf 86' lang='lat' dir='ltr'>Nam</span> <span class='ocrx_word' id='word_1_22' title='bbox 414 1214 497 1296; x_wconf 91' lang='lat' dir='ltr'>quid</span> <span class='ocrx_word' id='word_1_23' title='bbox 522 1224 652 1288; x_wconf 88' lang='lat' dir='ltr'>amant,</span> <span class='ocrx_word' id='word_1_24' title='bbox 676 1214 761 1297; x_wconf 89' lang='lat' dir='ltr'>quid</span> <span class='ocrx_word' id='word_1_25' title='bbox 783 1214 982 1297; x_wconf 83' lang='lat' dir='ltr'>sequuntur,</span> 
     </span>
     <span class='ocr_line' id='line_1_9' title="bbox 301 1308 861 1394; baseline 0.007 -23"><span class='ocrx_word' id='word_1_26' title='bbox 301 1308 369 1391; x_wconf 79' lang='lat' dir='ltr'>Qui</span> <span class='ocrx_word' id='word_1_27' title='bbox 393 1311 434 1373; x_wconf 85' lang='lat' dir='ltr'>fic</span> <span class='ocrx_word' id='word_1_28' title='bbox 459 1321 590 1388; x_wconf 82' lang='lat' dir='ltr'>amant,</span> <span class='ocrx_word' id='word_1_29' title='bbox 614 1311 861 1394; x_wconf 85' lang='lat' dir='ltr'>obsequuntur,</span> 
     </span>
     <span class='ocr_line' id='line_1_10' title="bbox 434 1407 839 1488; baseline 0.002 -17"><span class='ocrx_word' id='word_1_30' title='bbox 434 1408 589 1488; x_wconf 73' lang='lat' dir='ltr'>Jucunde</span> <span class='ocrx_word' id='word_1_31' title='bbox 614 1407 839 1473; x_wconf 82' lang='lat' dir='ltr'>consentiunt.</span> 
     </span>
     <span class='ocr_line' id='line_1_11' title="bbox 301 1506 866 1590; baseline 0.004 -21"><span class='ocrx_word' id='word_1_32' title='bbox 301 1506 425 1569; x_wconf 80' lang='lat' dir='ltr'>Ndnne</span> <span class='ocrx_word' id='word_1_33' title='bbox 448 1516 560 1570; x_wconf 91' lang='lat' dir='ltr'>totum</span> <span class='ocrx_word' id='word_1_34' title='bbox 584 1507 630 1570; x_wconf 88' lang='lat' dir='ltr'>est</span> <span class='ocrx_word' id='word_1_35' title='bbox 652 1508 866 1590; x_wconf 86' lang='lat' dir='ltr'>pudendum,</span> 
     </span>
     <span class='ocr_line' id='line_1_12' title="bbox 300 1604 831 1682; baseline 0.006 -16"><span class='ocrx_word' id='word_1_36' title='bbox 300 1604 424 1667; x_wconf 81' lang='lat' dir='ltr'>Ndnne</span> <span class='ocrx_word' id='word_1_37' title='bbox 447 1614 559 1668; x_wconf 87' lang='lat' dir='ltr'>totum</span> <span class='ocrx_word' id='word_1_38' title='bbox 583 1604 629 1667; x_wconf 86' lang='lat' dir='ltr'>est</span> <span class='ocrx_word' id='word_1_39' title='bbox 652 1606 831 1682; x_wconf 79' lang='lat' dir='ltr'>silendum,</span> 
     </span>
     <span class='ocr_line' id='line_1_13' title="bbox 434 1701 858 1785; baseline 0.009 -21"><span class='ocrx_word' id='word_1_40' title='bbox 434 1701 609 1785; x_wconf 82' lang='lat' dir='ltr'><strong>Quicquid</strong></span> <span class='ocrx_word' id='word_1_41' title='bbox 632 1703 681 1765; x_wconf 86' lang='lat' dir='ltr'>illi</span> <span class='ocrx_word' id='word_1_42' title='bbox 705 1705 858 1785; x_wconf 87' lang='lat' dir='ltr'>eupiunt.</span> 
     </span>
     <span class='ocr_line' id='line_1_14' title="bbox 302 1798 809 1882; baseline 0.002 -18"><span class='ocrx_word' id='word_1_43' title='bbox 302 1798 413 1864; x_wconf 88' lang='lat' dir='ltr'>Simul</span> <span class='ocrx_word' id='word_1_44' title='bbox 435 1811 558 1882; x_wconf 88' lang='lat' dir='ltr'>agunt,</span> <span class='ocrx_word' id='word_1_45' title='bbox 584 1800 650 1864; x_wconf 83' lang='lat' dir='ltr'>sese</span> <span class='ocrx_word' id='word_1_46' title='bbox 674 1803 809 1880; x_wconf 88' lang='lat' dir='ltr'>vident,</span> 
     </span>
     <span class='ocr_line' id='line_1_15' title="bbox 299 1898 851 1978; baseline 0.004 -17"><span class='ocrx_word' id='word_1_47' title='bbox 299 1898 403 1978; x_wconf 86' lang='lat' dir='ltr'>Jocos</span> <span class='ocrx_word' id='word_1_48' title='bbox 426 1898 582 1976; x_wconf 82' lang='lat' dir='ltr'>miscent,</span> <span class='ocrx_word' id='word_1_49' title='bbox 605 1899 699 1962; x_wconf 78' lang='lat' dir='ltr'>simul</span> <span class='ocrx_word' id='word_1_50' title='bbox 722 1901 851 1976; x_wconf 87' lang='lat' dir='ltr'>rident,</span> 
     </span>
     <span class='ocr_line' id='line_1_16' title="bbox 433 1996 862 2065; baseline 0.014 -6"><span class='ocrx_word' id='word_1_51' title='bbox 433 1996 478 2059; x_wconf 91' lang='lat' dir='ltr'>Et</span> <span class='ocrx_word' id='word_1_52' title='bbox 500 1996 682 2060; x_wconf 86' lang='lat' dir='ltr'>honestant</span> <span class='ocrx_word' id='word_1_53' title='bbox 704 1997 862 2065; x_wconf 86' lang='lat' dir='ltr'>invicem.</span> 
     </span>
     <span class='ocr_line' id='line_1_17' title="bbox 302 2094 784 2170; baseline 0 -13"><span class='ocrx_word' id='word_1_54' title='bbox 302 2095 349 2157; x_wconf 97' lang='lat' dir='ltr'>Ut</span> <span class='ocrx_word' id='word_1_55' title='bbox 372 2104 529 2158; x_wconf 84' lang='lat' dir='ltr'>amantes</span> <span class='ocrx_word' id='word_1_56' title='bbox 552 2095 585 2157; x_wconf 85' lang='lat' dir='ltr'>se</span> <span class='ocrx_word' id='word_1_57' title='bbox 608 2094 784 2170; x_wconf 85' lang='lat' dir='ltr'>refellunt,</span> 
     </span>
     <span class='ocr_line' id='line_1_18' title="bbox 301 2192 915 2276; baseline 0.005 -21"><span class='ocrx_word' id='word_1_58' title='bbox 301 2192 379 2257; x_wconf 89' lang='lat' dir='ltr'>Non</span> <span class='ocrx_word' id='word_1_59' title='bbox 403 2193 569 2271; x_wconf 86' lang='lat' dir='ltr'>advertit,</span> <span class='ocrx_word' id='word_1_60' title='bbox 595 2214 698 2275; x_wconf 90' lang='lat' dir='ltr'>quem</span> <span class='ocrx_word' id='word_1_61' title='bbox 721 2194 915 2276; x_wconf 88' lang='lat' dir='ltr'>impellunt,</span> 
     </span>
    </p>
   </div>
   <div class='ocr_carea' id='block_1_3' title="bbox 301 2290 906 2649">
    <p class='ocr_par' dir='ltr' id='par_1_3' title="bbox 301 2290 906 2649">
     <span class='ocr_line' id='line_1_19' title="bbox 434 2290 906 2374; baseline 0.006 -21"><span class='ocrx_word' id='word_1_62' title='bbox 434 2291 474 2353; x_wconf 92' lang='lat' dir='ltr'>In</span> <span class='ocrx_word' id='word_1_63' title='bbox 497 2290 706 2374; x_wconf 82' lang='lat' dir='ltr'>profundum</span> <span class='ocrx_word' id='word_1_64' title='bbox 729 2293 906 2357; x_wconf 84' lang='lat' dir='ltr'>vorticem.</span> 
     </span>
     <span class='ocr_line' id='line_1_20' title="bbox 301 2389 798 2464; baseline 0.002 -13"><span class='ocrx_word' id='word_1_65' title='bbox 301 2389 401 2452; x_wconf 88' lang='lat' dir='ltr'>Unus</span> <span class='ocrx_word' id='word_1_66' title='bbox 423 2390 483 2452; x_wconf 91' lang='lat' dir='ltr'>uni</span> <span class='ocrx_word' id='word_1_67' title='bbox 507 2390 585 2452; x_wconf 81' lang='lat' dir='ltr'>cum</span> <span class='ocrx_word' id='word_1_68' title='bbox 609 2390 798 2464; x_wconf 81' lang='lat' dir='ltr'>blanditur,</span> 
     </span>
     <span class='ocr_line' id='line_1_21' title="bbox 301 2486 882 2562; baseline 0.003 -13"><span class='ocrx_word' id='word_1_69' title='bbox 301 2486 375 2554; x_wconf 85' lang='lat' dir='ltr'>Ah!</span> <span class='ocrx_word' id='word_1_70' title='bbox 399 2507 468 2549; x_wconf 90' lang='lat' dir='ltr'>non</span> <span class='ocrx_word' id='word_1_71' title='bbox 492 2498 599 2561; x_wconf 86' lang='lat' dir='ltr'>amat,</span> <span class='ocrx_word' id='word_1_72' title='bbox 623 2486 682 2550; x_wconf 89' lang='lat' dir='ltr'>sed</span> <span class='ocrx_word' id='word_1_73' title='bbox 704 2489 882 2562; x_wconf 84' lang='lat' dir='ltr'>mentitur,</span> 
     </span>
     <span class='ocr_line' id='line_1_22' title="bbox 434 2585 832 2649; baseline 0.003 -2"><span class='ocrx_word' id='word_1_74' title='bbox 434 2585 686 2648; x_wconf 84' lang='lat' dir='ltr'>Blandimentis</span> <span class='ocrx_word' id='word_1_75' title='bbox 708 2586 832 2649; x_wconf 78' lang='lat' dir='ltr'>noxiis,</span> 
     </span>
    </p>
   </div>
   <div class='ocr_carea' id='block_1_4' title="bbox 301 2682 938 3827">
    <p class='ocr_par' dir='ltr' id='par_1_4' title="bbox 301 2682 938 3827">
     <span class='ocr_line' id='line_1_23' title="bbox 302 2682 788 2747; baseline 0.004 -3"><span class='ocrx_word' id='word_1_76' title='bbox 302 2682 440 2745; x_wconf 89' lang='lat' dir='ltr'>Mentes</span> <span class='ocrx_word' id='word_1_77' title='bbox 464 2682 622 2747; x_wconf 82' lang='lat' dir='ltr'>castas&amp;</span> <span class='ocrx_word' id='word_1_78' title='bbox 646 2682 788 2746; x_wconf 55' lang='lat' dir='ltr'>intactas</span> 
     </span>
     <span class='ocr_line' id='line_1_24' title="bbox 301 2778 711 2861; baseline 0.002 -18"><span class='ocrx_word' id='word_1_79' title='bbox 301 2778 406 2861; x_wconf 73' lang='lat' dir='ltr'>Saepe</span> <span class='ocrx_word' id='word_1_80' title='bbox 430 2780 502 2844; x_wconf 90' lang='lat' dir='ltr'>vidi</span> <span class='ocrx_word' id='word_1_81' title='bbox 524 2779 711 2844; x_wconf 78' lang='lat' dir='ltr'>labefattas</span> 
     </span>
     <span class='ocr_line' id='line_1_25' title="bbox 434 2877 806 2961; baseline 0.005 -21"><span class='ocrx_word' id='word_1_82' title='bbox 434 2878 499 2940; x_wconf 87' lang='lat' dir='ltr'>His</span> <span class='ocrx_word' id='word_1_83' title='bbox 518 2879 676 2961; x_wconf 86' lang='lat' dir='ltr'>jocorum</span> <span class='ocrx_word' id='word_1_84' title='bbox 698 2877 806 2942; x_wconf 79' lang='lat' dir='ltr'>sociiS.</span> 
     </span>
     <span class='ocr_line' id='line_1_26' title="bbox 303 2975 733 3061; baseline 0 -22"><span class='ocrx_word' id='word_1_85' title='bbox 303 2975 491 3061; x_wconf 84' lang='lat' dir='ltr'>Sapientes</span> <span class='ocrx_word' id='word_1_86' title='bbox 513 2977 603 3060; x_wconf 85' lang='lat' dir='ltr'>saepe</span> <span class='ocrx_word' id='word_1_87' title='bbox 627 2977 733 3040; x_wconf 87' lang='lat' dir='ltr'>vertit</span> 
     </span>
     <span class='ocr_line' id='line_1_27' title="bbox 302 3075 734 3141; baseline 0 -4"><span class='ocrx_word' id='word_1_88' title='bbox 302 3075 376 3137; x_wconf 78' lang='lat' dir='ltr'>Imd</span> <span class='ocrx_word' id='word_1_89' title='bbox 401 3084 495 3141; x_wconf 87' lang='lat' dir='ltr'>totos</span> <span class='ocrx_word' id='word_1_90' title='bbox 518 3075 583 3137; x_wconf 87' lang='lat' dir='ltr'>hos</span> <span class='ocrx_word' id='word_1_91' title='bbox 606 3076 734 3137; x_wconf 85' lang='lat' dir='ltr'>evertit</span> 
     </span>
     <span class='ocr_line' id='line_1_28' title="bbox 435 3171 765 3235; baseline -0.003 -1"><span class='ocrx_word' id='word_1_92' title='bbox 435 3172 534 3234; x_wconf 90' lang='lat' dir='ltr'>Unus</span> <span class='ocrx_word' id='word_1_93' title='bbox 557 3171 641 3234; x_wconf 66' lang='lat' dir='ltr'>idus</span> <span class='ocrx_word' id='word_1_94' title='bbox 665 3172 765 3235; x_wconf 88' lang='lat' dir='ltr'>oculi.</span> 
     </span>
     <span class='ocr_line' id='line_1_29' title="bbox 303 3270 751 3334; baseline 0.004 -2"><span class='ocrx_word' id='word_1_95' title='bbox 303 3270 411 3333; x_wconf 86' lang='lat' dir='ltr'>Bonae</span> <span class='ocrx_word' id='word_1_96' title='bbox 434 3270 561 3332; x_wconf 88' lang='lat' dir='ltr'>mentis</span> <span class='ocrx_word' id='word_1_97' title='bbox 583 3270 751 3334; x_wconf 87' lang='lat' dir='ltr'>fortitudo</span> 
     </span>
     <span class='ocr_line' id='line_1_30' title="bbox 302 3367 735 3452; baseline 0.007 -23"><span class='ocrx_word' id='word_1_98' title='bbox 302 3368 334 3429; x_wconf 94' lang='lat' dir='ltr'>N</span> <span class='ocrx_word' id='word_1_99' title='bbox 337 3376 411 3430; x_wconf 88' lang='lat' dir='ltr'>utat</span> <span class='ocrx_word' id='word_1_100' title='bbox 434 3378 539 3452; x_wconf 86' lang='lat' dir='ltr'>atque</span> <span class='ocrx_word' id='word_1_101' title='bbox 563 3367 735 3432; x_wconf 89' lang='lat' dir='ltr'>firmitudo</span> 
     </span>
     <span class='ocr_line' id='line_1_31' title="bbox 435 3464 841 3530; baseline 0.007 -4"><span class='ocrx_word' id='word_1_102' title='bbox 435 3464 546 3529; x_wconf 86' lang='lat' dir='ltr'>Verbi</span> <span class='ocrx_word' id='word_1_103' title='bbox 568 3465 653 3529; x_wconf 87' lang='lat' dir='ltr'>flatu</span> <span class='ocrx_word' id='word_1_104' title='bbox 676 3466 841 3530; x_wconf 89' lang='lat' dir='ltr'>blanduli.</span> 
     </span>
     <span class='ocr_line' id='line_1_32' title="bbox 302 3562 689 3627; baseline 0 -2"><span class='ocrx_word' id='word_1_105' title='bbox 302 3562 471 3626; x_wconf 85' lang='lat' dir='ltr'>Medieati</span> <span class='ocrx_word' id='word_1_106' title='bbox 493 3583 550 3626; x_wconf 90' lang='lat' dir='ltr'>ros</span> <span class='ocrx_word' id='word_1_107' title='bbox 573 3564 689 3627; x_wconf 90' lang='lat' dir='ltr'>odoris</span> 
     </span>
     <span class='ocr_line' id='line_1_33' title="bbox 303 3657 831 3743; baseline 0.006 -22"><span class='ocrx_word' id='word_1_108' title='bbox 303 3657 421 3722; x_wconf 87' lang='lat' dir='ltr'>Suave</span> <span class='ocrx_word' id='word_1_109' title='bbox 445 3659 619 3743; x_wconf 83' lang='lat' dir='ltr'>fragrans,</span> <span class='ocrx_word' id='word_1_110' title='bbox 644 3663 739 3726; x_wconf 89' lang='lat' dir='ltr'>color</span> <span class='ocrx_word' id='word_1_111' title='bbox 762 3662 831 3725; x_wconf 90' lang='lat' dir='ltr'>oris</span> 
     </span>
     <span class='ocr_line' id='line_1_34' title="bbox 435 3758 938 3827; baseline 0.002 -7"><span class='ocrx_word' id='word_1_112' title='bbox 435 3758 546 3822; x_wconf 90' lang='lat' dir='ltr'>Puros</span> <span class='ocrx_word' id='word_1_113' title='bbox 571 3758 681 3822; x_wconf 86' lang='lat' dir='ltr'>sensus</span> <span class='ocrx_word' id='word_1_114' title='bbox 704 3760 814 3827; x_wconf 88' lang='lat' dir='ltr'>vitiat.</span> <span class='ocrx_word' id='word_1_115' title='bbox 904 3760 938 3821; x_wconf 94' lang='lat' dir='ltr'>D</span> 
     </span>
    </p>
   </div>
   <div class='ocr_carea' id='block_1_5' title="bbox 0 0 1462 4500">
    <p class='ocr_par' dir='ltr' id='par_1_5' title="bbox 0 0 1462 4500">
     <span class='ocr_line' id='line_1_35' title="bbox 0 0 1462 4500; baseline 0 0"><span class='ocrx_word' id='word_1_116' title='bbox 0 0 1462 4500; x_wconf 95' lang='lat' dir='ltr'> </span> 
     </span>
    </p>
   </div>
  </div>
 </body>
</html>
