2900 4500
639 530 1031 654 nummu

500 654 635 736 Quibus
659 653 825 737 quicquid
848 654 896 716 est
921 658 1059 719 carnale

499 751 642 829 Sordet,
666 750 695 814 u
719 751 814 833 quod
837 751 883 815 est
906 755 1052 816 mortale

628 848 730 911 Viles
752 849 828 913 lunt
852 851 1051 934 quisquiliae.

500 946 681 1031 Quotquot
705 948 803 1010 coelis
825 948 900 1011 lunt
923 950 1048 1012 intenti

499 1045 623 1129 Neque
647 1048 739 1109 terrd
762 1046 837 1110 lunt
860 1048 1029 1125 contenti,

501 1142 574 1208 Sed
597 1144 654 1206 hic
677 1143 781 1223 Jnsun
804 1144 1007 1227 suspirantes

499 1240 591 1304 Hine
616 1242 661 1304 ad
683 1242 799 1305 Deum
822 1242 1030 1307 festinantes.

631 1341 715 1404 Tuae
739 1339 814 1403 sunt
838 1341 982 1404 deliciae.

499 1437 595 1501 Inter
617 1459 730 1522 nugas
754 1438 900 1502 curiales

500 1534 634 1617 Quibus
657 1536 814 1619 gaudent
836 1538 892 1599 hic
916 1538 1080 1601 mortales

499 1634 578 1696 Non
601 1633 743 1697 sentitur
766 1634 947 1697 suavitudo

498 1733 587 1811 Tua,
611 1752 725 1818 neque
749 1732 927 1795 dulcitudo

630 1830 824 1914 Virginalis
847 1831 976 1913 gaudii.

498 1927 569 1991 Ubi
593 1927 664 1990 filet
686 1927 753 1991 fori
775 1949 893 1992 rumor

498 2024 570 2088 Ubi
592 2026 705 2089 nullus
727 2027 846 2089 mundi
869 2036 983 2090 tumor

498 2123 572 2186 Nec
595 2124 762 2187 tumultsts
785 2123 904 2208 fragor
926 2135 1038 2203 tonat,

498 2220 566 2286 Hic
589 2230 650 2285 tua
672 2242 745 2285 vox
768 2223 878 2287 dulcis
901 2222 995 2287 sonat

630 2320 714 2383 Vox
737 2322 812 2384 veri
835 2322 954 2386 solatii.

499 2418 602 2481 Felix
626 2419 682 2480 ille
707 2419 865 2502 quisquis
888 2420 954 2484 erit

497 2507 647 2598 De'quo
672 2517 768 2579 dices
791 2538 888 2581 meus
912 2518 990 2593 erit,

499 2613 638 2697 Magnis
661 2613 760 2677 Deus
783 2617 874 2678 hunc
899 2616 1024 2680 ditabit

501 2710 588 2774 Coeli
612 2712 724 2789 donis,
749 2712 778 2776 ἃ
801 2714 948 2779 vallabit

631 2810 734 2873 Dulci
757 2812 986 2894 providentia.

499 2907 594 2987 Jnsus
617 2918 697 2970 tuus
720 2908 817 2972 illum
840 2911 945 2977 ducet

499 3003 568 3087 Qui
591 3006 634 3067 de
659 3007 748 3069 coelo
769 3007 863 3090 justis
886 3006 993 3085 lucet,

498 3102 605 3165 Bonis
628 3103 694 3167 luis
717 3104 813 3167 illum
836 3108 946 3168 beans

498 3199 666 3265 Mundum
689 3203 806 3266 corin
829 3204 900 3286 ipso
925 3225 1046 3267 creans

631 3299 824 3384 Superfusd
847 3303 971 3384 gratia.

499 3396 591 3478 Quid
613 3419 684 3461 non
705 3399 817 3481 potest
839 3401 895 3463 hie
919 3398 1054 3481 sperare

498 3496 543 3558 Et
567 3495 588 3559 a
610 3496 690 3560 Deo
713 3498 900 3581 impetrare

501 3593 564 3656 Cui
585 3605 734 3678 patrona
757 3606 883 3679 potens
906 3595 991 3658 astas

499 3693 637 3756 Mentes
661 3712 782 3756 omnes
802 3695 927 3777 juvans
952 3692 1058 3757 castas

632 3790 837 3874 Favensque
861 3792 1053 3875 praelentia.
