2900 4500
651 450 1041 574 ittet*

507 574 631 658 Qualis
654 576 747 637 nitor
771 574 899 658 compti
922 575 1039 636 vultus

508 673 578 737 Vel
602 673 757 735 mortalis
781 672 850 735 oris
874 673 987 735 cultus

642 770 714 834 Istis
738 769 828 833 visus
851 770 969 833 oquiS.

511 869 699 933 Charitatis
722 866 908 931 sanctitudo

510 966 682 1031 Castitatis
705 967 927 1049 pulchritudo

510 1066 577 1128 Hae
600 1064 673 1127 sunt
697 1065 822 1127 mentis
846 1073 1085 1127 ornamentum

508 1164 589 1227 Deo
612 1164 755 1246 placens
777 1162 1015 1225 indumentum

644 1260 896 1344 Aspettandum
919 1260 1079 1343 Angelis.

510 1358 654 1442 Spernit
678 1358 796 1421 mundi
819 1356 997 1421 simulacra

511 1458 545 1521 Is
569 1458 624 1521 cui
646 1457 763 1540 placet
786 1456 897 1518 forma
920 1456 1026 1534 sacra,

510 1556 637 1619 Forma
659 1564 729 1617 tuae
753 1552 936 1616 sanctitatis

511 1653 684 1735 Qucdque
710 1654 817 1715 decus
840 1650 1025 1714 honestatis

643 1751 753 1814 Vultu
775 1760 834 1813 tuo
860 1748 1029 1815 candicat.

510 1851 589 1913 Non
612 1858 648 1912 te
672 1849 782 1922 novit,
807 1868 876 1911 non
900 1847 1046 1929 aspexit,

511 1948 630 2011 Decor
652 1956 732 2009 tuus
756 1966 824 2008 non
848 1945 982 2021 allexit,

513 2046 618 2129 Cujus
641 2045 794 2108 nondum
818 2064 877 2107 cor
899 2052 1086 2126 purgatum

508 2144 605 2207 Vera
629 2144 706 2206 luce
732 2140 962 2205 collustratum

643 2242 754 2304 Amor
775 2240 844 2303 Dei
866 2240 1038 2304 vendicat.

808 2503 833 2586 ξ.
856 2520 884 2566 2.

620 2634 709 2698 Escit
732 2634 791 2696 ille
815 2643 850 2696 te
875 2651 990 2695 amare

622 2732 689 2814 Qui
712 2731 745 2794 se
768 2730 878 2814 potest
901 2727 1071 2792 oblectare

644 2831 807 2893 Terrenis
831 2828 1015 2893 amoribuS.

511 2929 585 2993 Nec
610 2929 654 2992 ab
678 2929 738 2991 illo
762 2929 814 2990 vis
838 2926 944 2990 amari

512 3025 578 3108 Qui
601 3025 633 3088 se
658 3026 733 3088 finit
755 3024 928 3106 inquinari

644 3121 834 3186 Inhonestis
857 3121 1019 3183 moribus.

512 3222 591 3284 Non
615 3221 749 3284 esttibi
773 3220 861 3283 coelo
886 3219 986 3281 datus

512 3320 596 3382 Vita
617 3320 743 3392 mollis,
769 3317 937 3380 delicatus

644 3417 689 3480 Et
708 3418 829 3500 jacens
852 3415 889 3478 in
911 3415 1014 3477 vitiis.

512 3515 591 3577 Non
613 3514 670 3576 hic
692 3514 801 3575 habet
823 3523 860 3575 te
883 3516 1052 3575 nutricem

509 3610 678 3694 Quisquis
701 3618 802 3693 putat
825 3608 858 3672 se
882 3608 1021 3672 felicem

644 3708 830 3772 Mundanis
854 3707 996 3771 deliciis.
1127 3705 1208 3788 Qui-
