2900 4500
639 410 1032 532 *tw*

502 530 600 594 Colla
619 534 706 616 jugo
731 532 905 616 subjeciffe

500 629 609 693 Durae
632 631 724 714 legis
747 629 776 693 a
800 629 955 708 austerae,

500 727 624 810 Neque
648 738 745 792 metu
767 728 930 792 receffiffe
1059 754 1062 758 ·

500 825 593 889 Vitae
617 826 718 890 tristis
741 826 769 889 u
794 827 935 905 severae,

633 923 819 1008 O·quanta
841 926 1085 1008 tranquiiiitas!

499 1023 578 1085 Non
600 1043 656 1085 me
679 1032 782 1105 potes
802 1023 966 1106 ignorare

499 1119 612 1202 Quem
635 1123 700 1184 hac
724 1120 817 1184 veste
841 1121 1021 1186 decorasti:

498 1219 621 1301 Neque
644 1228 747 1301 potes
769 1239 838 1282 non
863 1239 979 1283 amare

499 1315 610 1398 Quem
633 1327 670 1380 tu
690 1317 757 1380 tibi
780 1316 979 1380 consecrasti

627 1413 695 1478 Isto
720 1417 853 1478 donans
876 1415 1011 1479 habunt

498 1511 592 1595 Ergo
616 1533 755 1575 manum
779 1514 824 1575 da
846 1511 1020 1576 victricem

497 1609 556 1672 Ad
578 1619 615 1673 te
639 1611 723 1674 mihi
746 1611 962 1693 properanti:

496 1708 541 1771 Et
565 1728 642 1771 cum
664 1707 759 1771 hoste
783 1709 978 1773 decertanti

497 1805 669 1869 Dextram
692 1808 798 1869 tende
822 1806 1043 1870 servatricem

629 1905 670 1967 Im
693 1915 852 1968 extremo
876 1894 1002 1987 spiritu.

495 2002 605 2065 Tuam
629 2023 768 2066 crucem
786 2001 1052 2084 circumpletior

496 2099 547 2162 Mi
569 2100 723 2164 servator
743 2111 781 2163 te
806 2102 954 2163 adorans

496 2195 734 2282 Supplicantis
758 2217 853 2262 more
877 2198 1030 2281 plorans:

495 2298 574 2361 Hoc
597 2300 762 2380 amplexu
785 2296 889 2381 quam
913 2296 1076 2373 deletion

627 2397 667 2458 In
689 2398 757 2460 hoc
779 2397 905 2459 lubens
928 2395 1066 2458 morior.

495 2491 526 2555 O
550 2495 680 2556 doloris
702 2494 928 2556 lenimentum

494 2590 608 2654 Dulce
631 2593 760 2675 pignus
778 2590 975 2668 <charitatis

493 2689 594 2751 Felix
617 2689 693 2771 spes
716 2689 935 2763 aeternitatis,

493 2786 601 2849 Bonae
624 2788 751 2851 mentis
773 2787 1029 2865 firmanentum,

624 2885 704 2948 Tibi
726 2883 818 2947 fixus
841 2885 978 2947 morior.

492 2980 640 3065 Semper
663 2983 747 3045 mihi
772 2983 867 3045 cordi
890 2981 956 3045 fuit

491 3080 620 3164 Plagas
643 3090 722 3144 tuas
746 3081 988 3164 contemplari,

491 3178 536 3240 Et
560 3189 716 3243 amanter
740 3179 883 3242 osculari

491 3276 621 3340 Fontes
644 3279 736 3340 unde
759 3278 834 3341 vita
856 3276 931 3340 fluit

623 3375 727 3439 Rivis
750 3374 989 3438 saluberrimis.

1083 3561 1188 3644 Saepe
