2900 4500
527 524 541 614 t
591 529 632 604 ⁶9
683 523 696 613 )
762 603 768 619 ,

274 508 509 715 ΕοηιρθΙῗῦἱε
533 508 829 714 Κοὰθτῃρῖοτξξὲ

275 728 347 793 Sed
370 740 406 792 te
431 729 524 792 dicet
543 738 824 813 comenuptcrem

406 826 548 890 Preticfi
571 826 755 911 sanguinis,

273 925 376 988 Nullo
399 924 482 988 lieet
503 924 685 988 accusante

273 1024 376 1086 Nullo
400 1022 509 1087 scelus
528 1025 768 1106 exprobrante

405 1121 509 1184 Forte
528 1121 642 1196 «uices,
662 1121 768 1203 periit

273 1218 359 1281 Fors
378 1219 514 1302 jacebis
537 1220 729 1281 nhdsuratus

272 1315 317 1379 Et
340 1316 454 1380 abibis
478 1315 666 1381 obstinatus

405 1413 550 1478 Dicens:
576 1434 658 1477 ecce
682 1414 785 1497 perii!

273 1512 364 1576 Ecce
388 1512 470 1575 vitae
494 1515 610 1578 sontes
631 1521 756 1596 patent

274 1609 394 1693 Atque
417 1609 502 1673 rivis
525 1611 638 1696 plenis
661 1610 793 1674 scatent

407 1706 517 1773 Sacra
538 1708 617 1789 Jusu
640 1709 795 1773 vulnera.

273 1806 358 1869 Inde
382 1816 499 1870 tamen
521 1816 557 1869 te
582 1806 756 1869 divertant

272 1904 331 1966 Ad
354 1904 387 1967 se
411 1914 563 1967 mentem
583 1913 695 1967 totam
718 1914 858 1970 vertant

404 2003 613 2085 Perpetrara
634 2001 772 2069 scelera.

273 2099 341 2182 Qui
364 2101 421 2184 spe
445 2101 553 2163 multa
576 2100 786 2165 resanabat

272 2199 321 2263 Ut
343 2219 511 2283 peccares
535 2198 735 2264 concitabat

404 2299 480 2361 Tua
502 2299 622 2363 velans
645 2297 785 2362 lumina.

272 2396 386 2460 Hostis
410 2417 490 2460 acer
513 2396 699 2481 objectabit

271 2494 345 2578 Ipse
370 2494 486 2558 coram
508 2495 706 2559 numerabit

402 2592 533 2656 Cuncta
554 2593 637 2656 vitae
656 2593 813 2657 crimina.

272 2690 429 2773 Quaeque
453 2691 574 2754 mortis
597 2692 682 2754 hera
706 2691 806 2774 viget

271 2788 360 2852 Haec
383 2788 516 2873 sagittis
539 2798 575 2851 te
599 2787 752 2871 configet

403 2886 484 2949 Rea
507 2885 724 2949 conscientia.

271 2983 333 3048 Uti
355 2985 487 3050 vindex
509 2983 736 3070 persequetur

272 3082 316 3144 Et
337 3083 494 3146 imnnittis
517 3082 698 3146 ulciscetur

403 3181 563 3264 Urgente
583 3179 720 3264 justitia.

567 3362 595 3445 p.
617 3380 647 3424 a.

383 3475 453 3538 Uid
474 3475 498 3536 fi
520 3475 615 3556 Jusus
639 3494 742 3538 cruce
761 3475 923 3557 pendens

383 3571 503 3656 Atque
526 3572 615 3636 fixas
639 3593 761 3637 manus
784 3575 932 3636 tendens

403 3670 592 3754 Indignans
615 3671 848 3757 improperet?

567 3769 596 3831 E
621 3791 637 3849 3
876 3767 968 3850 Quid
