2900 4500
641 520 1009 640 {latmi}

489 643 613 706 Nullus
636 644 753 725 placet
774 644 832 705 hic
855 643 999 718 amicus,

492 738 597 805 Solus
620 740 713 803 adest
736 740 908 815 inimicus;

623 839 749 903 Nullus
773 848 866 902 amat
889 838 1025 905 socium.

492 937 614 1001 Nullus
638 957 734 1000 amor
756 936 846 999 vivit
868 937 996 1013 Patris,

491 1034 615 1099 Nullus
637 1034 775 1111 MatriS,
799 1036 913 1099 nullus
936 1035 1081 1098 Fratris:

622 1132 740 1195 Unum
762 1142 888 1215 regnat
911 1132 1037 1195 odium.

489 1230 594 1293 Nulla
616 1231 767 1294 mulcent
790 1230 1042 1309 blandimenta,

491 1327 627 1393 Sonant
649 1328 784 1391 tantum
807 1329 864 1391 hic
887 1328 1054 1404 lamenta,

623 1426 737 1489 Mixta
759 1426 851 1489 mille
876 1426 1059 1509 questibus,

492 1525 569 1587 Non
593 1525 649 1587 hic
672 1523 766 1586 festae
789 1522 864 1587 lunt
887 1525 1038 1588 choreae:

491 1621 622 1686 Omnes
644 1623 759 1704 plenae
782 1621 857 1684 sunt
880 1623 1006 1707 plateae

624 1720 835 1801 Importunis
858 1719 1060 1802 planctibus,

492 1816 629 1880 Ceffant
652 1837 772 1881 omnes
796 1817 992 1895 cantilenae,

490 1913 626 1996 Quibus
650 1916 755 1978 lautae
778 1916 935 1999 gaudent
958 1934 1081 1979 eoenae:

623 2011 756 2076 Desunt
779 2012 840 2076 ista
862 2013 1001 2096 gaudia.

490 2111 560 2173 Hie
585 2118 747 2193 cantores
770 2110 928 2174 infelices

493 2209 669 2293 Plangunt
692 2218 797 2292 atque
822 2209 1029 2273 cantatrices

624 2306 709 2372 Sola
731 2317 859 2372 norunt
881 2307 997 2374 tristia.

491 2405 613 2469 Nullus
636 2405 725 2469 ludit
747 2406 804 2468 hic
828 2406 1019 2479 comoeduS‚

490 2503 586 2567 Nihil
608 2502 710 2586 fingit
732 2504 789 2567 hie
812 2506 1007 2587 tragoeduS,

624 2601 720 2665 Vera
742 2600 817 2664 sunt
839 2603 915 2665 haec
938 2601 1062 2665 omnia.

491 2700 571 2762 Non
593 2698 668 2762 sunt
691 2698 820 2781 spectra
843 2699 1054 2774 miserorum,

492 2796 571 2860 Non
594 2796 669 2860 sunt
691 2797 765 2860 ludi
787 2798 1015 2861 theatrorum:

625 2894 680 2957 Est
702 2893 773 2977 ipsa
797 2894 939 2959 miseria.

492 2992 589 3055 Dirae
613 2992 745 3074 semper
767 3001 917 3075 regnant
938 2993 1014 3066 irae‚

492 3091 566 3154 Nec
590 3110 726 3153 canorae
751 3089 928 3173 quisquam
951 3092 1036 3174 lyrae

625 3188 700 3251 Fila
722 3197 840 3251 movet
862 3188 1000 3270 pollice.

491 3285 628 3351 Sonant
650 3285 757 3349 solirm
780 3285 973 3362 maledieta,

491 3384 591 3447 Laeta
615 3404 684 3450 vox
707 3384 754 3447 est
777 3384 957 3447 interdilla

624 3480 684 3544 Ab
708 3491 840 3547 aetemo
860 3482 987 3564 judice.

1099 3580 1210 3643 Nemo
