2900 4500
648 475 1035 598 tituli}

502 599 626 662 Ndnne
650 602 742 662 bene
766 619 821 662 me
845 601 1018 663 monentis

501 697 547 760 Et
569 695 711 760 honesta
734 696 907 759 suadentis

634 792 707 857 Rili
730 813 855 876 preces
877 794 1002 862 irritas.

502 893 621 958 Mente
645 891 746 954 nimis
769 890 933 955 insolente

502 989 573 1053 Ore
596 989 690 1052 limul
712 989 913 1071 impudente

503 1087 629 1171 Sprevi
652 1088 752 1170 leges
774 1086 974 1165 honestatis,

500 1186 545 1250 Et
567 1184 729 1270 promiffa
751 1184 913 1250 castitatis

634 1283 750 1349 Stulte
772 1283 825 1346 rili
847 1285 1001 1367 praemia.

501 1381 616 1463 Quum
639 1401 694 1445 me
717 1382 829 1464 turpis
853 1383 1068 1446 volutabam:

500 1480 545 1543 Et
568 1480 720 1563 impurus
744 1479 982 1562 inquinabam,

501 1577 640 1659 Quanta
662 1576 732 1640 feci
755 1588 989 1641 murmurante

501 1676 545 1739 Et
568 1675 736 1740 incassum
759 1674 947 1739 reluctante

633 1773 732 1837 Intirs
756 1772 982 1838 conscientia?

502 1872 593 1954 Quid
615 1871 765 1936 incusem
787 1871 989 1935 seducentes

500 1969 545 2034 Et
567 1969 719 2052 maligne
744 1970 986 2033 blandientes?

502 2066 612 2150 Culpa
634 2069 784 2151 namque
809 2088 896 2131 meae
919 2068 1040 2131 mortis

499 2167 589 2230 Tota
612 2186 682 2229 non
707 2163 754 2229 est
776 2167 851 2228 haec
876 2165 1054 2231 consortis:

632 2265 709 2347 Ego
734 2264 854 2327 volens
877 2266 974 2347 perii.

499 2362 613 2426 Minas
636 2363 670 2425 in
695 2382 750 2425 me
775 2362 853 2443 quis
872 2362 1033 2445 jactavit?

498 2461 574 2524 Aut
597 2461 674 2543 quis
696 2479 821 2541 poenas
844 2460 1051 2525 intentavit?

498 2559 575 2642 Ego
599 2556 719 2640 sponte
743 2559 902 2621 deerravi

498 2657 573 2720 Nec
596 2656 726 2719 invitus
750 2656 932 2721 declinavi.

631 2754 708 2838 Ego
732 2753 850 2836 sponte
873 2754 971 2839 perii.

498 2853 571 2914 Ah!
596 2852 709 2916 amavi
733 2851 775 2916 [ic
798 2853 913 2935 perire

497 2950 608 3034 Inque
631 2948 787 3015 flammas
810 2952 873 3014 has
896 2949 1026 3014 venire.

498 3048 553 3112 Ita
577 3050 683 3112 corda
705 3048 900 3131 stupefecit,

499 3146 619 3231 Atque
644 3146 775 3210 sensum
796 3146 963 3210 labefecit

630 3243 715 3309 Vita
738 3244 953 3326 voluptaria?
1036 3232 1039 3236 ⁸

499 3342 577 3429 Den
597 3341 681 3426 juste
705 3342 904 3407 vindicante

497 3440 542 3503 Et
565 3441 610 3503 ad
633 3459 774 3524 poenam
796 3459 851 3502 me
876 3442 1061 3503 damnante

497 3537 631 3602 Vinclis
655 3557 765 3620 cogor
787 3538 949 3621 alligatus

496 3636 614 3699 Duros
636 3636 710 3719 pati
734 3636 907 3699 cruciatus

631 3732 805 3817 Saevaque
828 3733 1002 3816 supplicia.
