<?xml version="1.0" encoding="UTF-8"?>
<!DOCTYPE html PUBLIC "-//W3C//DTD XHTML 1.0 Transitional//EN"
    "http://www.w3.org/TR/xhtml1/DTD/xhtml1-transitional.dtd">
<html xmlns="http://www.w3.org/1999/xhtml" xml:lang="en" lang="en">
 <head>
  <title>
</title>
<meta http-equiv="Content-Type" content="text/html;charset=utf-8" />
  <meta name='ocr-system' content='tesseract 3.04.00' />
  <meta name='ocr-capabilities' content='ocr_page ocr_carea ocr_par ocr_line ocrx_word'/>
</head>
<body>
  <div class='ocr_page' id='page_1' title='image "./chilidulachryma00platgoog_0063.png"; bbox 0 0 2900 4500; ppageno 0'>
   <div class='ocr_carea' id='block_1_1' title="bbox 461 461 851 584">
    <p class='ocr_par' dir='ltr' id='par_1_1' title="bbox 461 461 851 584">
     <span class='ocr_line' id='line_1_1' title="bbox 461 461 851 584; baseline -0.005 0"><span class='ocrx_word' id='word_1_1' title='bbox 461 461 851 584; x_wconf 46' lang='lat' dir='ltr'>*tw*</span> 
     </span>
    </p>
   </div>
   <div class='ocr_carea' id='block_1_2' title="bbox 302 584 914 3504">
    <p class='ocr_par' dir='ltr' id='par_1_2' title="bbox 302 584 914 3504">
     <span class='ocr_line' id='line_1_2' title="bbox 320 584 807 659; baseline 0 -12"><span class='ocrx_word' id='word_1_2' title='bbox 320 586 416 649; x_wconf 86' lang='lat' dir='ltr'>Inter</span> <span class='ocrx_word' id='word_1_3' title='bbox 439 584 558 648; x_wconf 90' lang='lat' dir='ltr'>mundi</span> <span class='ocrx_word' id='word_1_4' title='bbox 581 594 634 646; x_wconf 90' lang='lat' dir='ltr'>tot</span> <span class='ocrx_word' id='word_1_5' title='bbox 658 603 807 659; x_wconf 89' lang='lat' dir='ltr'>errores,</span> 
     </span>
     <span class='ocr_line' id='line_1_3' title="bbox 319 682 817 758; baseline -0.004 -13"><span class='ocrx_word' id='word_1_6' title='bbox 319 683 364 746; x_wconf 89' lang='lat' dir='ltr'>Et</span> <span class='ocrx_word' id='word_1_7' title='bbox 388 682 544 746; x_wconf 81' lang='lat' dir='ltr'>confusos</span> <span class='ocrx_word' id='word_1_8' title='bbox 567 684 625 746; x_wconf 86' lang='lat' dir='ltr'>hic</span> <span class='ocrx_word' id='word_1_9' title='bbox 647 701 817 758; x_wconf 64' lang='lat' dir='ltr'>rumores</span> 
     </span>
     <span class='ocr_line' id='line_1_4' title="bbox 452 779 873 862; baseline -0.01 -18"><span class='ocrx_word' id='word_1_10' title='bbox 452 782 569 844; x_wconf 90' lang='lat' dir='ltr'>Deum</span> <span class='ocrx_word' id='word_1_11' title='bbox 593 779 712 862; x_wconf 85' lang='lat' dir='ltr'>ecquis</span> <span class='ocrx_word' id='word_1_12' title='bbox 736 779 873 841; x_wconf 81' lang='lat' dir='ltr'>audiat?</span> 
     </span>
     <span class='ocr_line' id='line_1_5' title="bbox 320 867 831 954; baseline -0.008 -12"><span class='ocrx_word' id='word_1_13' title='bbox 320 879 392 942; x_wconf 91' lang='lat' dir='ltr'>Ubi</span> <span class='ocrx_word' id='word_1_14' title='bbox 415 879 499 941; x_wconf 83' lang='lat' dir='ltr'>tenfi</span> <span class='ocrx_word' id='word_1_15' title='bbox 522 878 674 941; x_wconf 85' lang='lat' dir='ltr'>fremunt</span> <span class='ocrx_word' id='word_1_16' title='bbox 697 867 831 954; x_wconf 54' lang='lat' dir='ltr'>fluetus</span> 
     </span>
     <span class='ocr_line' id='line_1_6' title="bbox 320 974 854 1054; baseline -0.006 -15"><span class='ocrx_word' id='word_1_17' title='bbox 320 977 425 1040; x_wconf 64' lang='lat' dir='ltr'>Noite</span> <span class='ocrx_word' id='word_1_18' title='bbox 451 977 507 1039; x_wconf 90' lang='lat' dir='ltr'>die</span> <span class='ocrx_word' id='word_1_19' title='bbox 531 977 673 1039; x_wconf 79' lang='lat' dir='ltr'>turbant</span> <span class='ocrx_word' id='word_1_20' title='bbox 696 974 819 1054; x_wconf 73' lang='lat' dir='ltr'>luttus,</span> <span class='ocrx_word' id='word_1_21' title='bbox 853 976 854 979; x_wconf 70' lang='grc'>’</span> 
     </span>
     <span class='ocr_line' id='line_1_7' title="bbox 453 1072 886 1158; baseline -0.007 -21"><span class='ocrx_word' id='word_1_22' title='bbox 453 1075 582 1158; x_wconf 89' lang='lat' dir='ltr'><strong>Ecquis</strong></span> <span class='ocrx_word' id='word_1_23' title='bbox 605 1073 721 1135; x_wconf 91' lang='lat' dir='ltr'>Deum</span> <span class='ocrx_word' id='word_1_24' title='bbox 744 1072 886 1135; x_wconf 78' lang='lat' dir='ltr'>sentiat?</span> 
     </span>
     <span class='ocr_line' id='line_1_8' title="bbox 321 1171 866 1256; baseline -0.004 -22"><span class='ocrx_word' id='word_1_25' title='bbox 321 1171 424 1235; x_wconf 82' lang='lat' dir='ltr'>Aulae</span> <span class='ocrx_word' id='word_1_26' title='bbox 448 1173 531 1256; x_wconf 88' lang='lat' dir='ltr'>quid</span> <span class='ocrx_word' id='word_1_27' title='bbox 556 1171 684 1254; x_wconf 82' lang='lat' dir='ltr'>spirant</span> <span class='ocrx_word' id='word_1_28' title='bbox 707 1171 866 1253; x_wconf 78' lang='lat' dir='ltr'><strong>regales?</strong></span> 
     </span>
     <span class='ocr_line' id='line_1_9' title="bbox 324 1268 757 1333; baseline -0.009 0"><span class='ocrx_word' id='word_1_29' title='bbox 324 1270 394 1333; x_wconf 88' lang='lat' dir='ltr'>Cur</span> <span class='ocrx_word' id='word_1_30' title='bbox 416 1270 586 1333; x_wconf 83' lang='lat' dir='ltr'>insomnes</span> <span class='ocrx_word' id='word_1_31' title='bbox 610 1268 757 1331; x_wconf 82' lang='lat' dir='ltr'>curiales</span> 
     </span>
     <span class='ocr_line' id='line_1_10' title="bbox 452 1364 914 1430; baseline -0.006 0"><span class='ocrx_word' id='word_1_32' title='bbox 452 1367 573 1430; x_wconf 83' lang='lat' dir='ltr'>Tantis</span> <span class='ocrx_word' id='word_1_33' title='bbox 596 1366 734 1429; x_wconf 86' lang='lat' dir='ltr'>fervent</span> <span class='ocrx_word' id='word_1_34' title='bbox 758 1364 914 1429; x_wconf 75' lang='lat' dir='ltr'>aestibus?</span> 
     </span>
     <span class='ocr_line' id='line_1_11' title="bbox 321 1463 789 1549; baseline -0.006 -20"><span class='ocrx_word' id='word_1_35' title='bbox 321 1465 470 1549; x_wconf 83' lang='lat' dir='ltr'>Ecquid,</span> <span class='ocrx_word' id='word_1_36' title='bbox 494 1474 612 1547; x_wconf 77' lang='lat' dir='ltr'>putas,</span> <span class='ocrx_word' id='word_1_37' title='bbox 637 1463 789 1527; x_wconf 83' lang='lat' dir='ltr'>civitatis</span> 
     </span>
     <span class='ocr_line' id='line_1_12' title="bbox 322 1561 768 1647; baseline -0.002 -22"><span class='ocrx_word' id='word_1_38' title='bbox 322 1564 463 1647; x_wconf 83' lang='lat' dir='ltr'>Magnae</span> <span class='ocrx_word' id='word_1_39' title='bbox 488 1564 583 1626; x_wconf 87' lang='lat' dir='ltr'>cives</span> <span class='ocrx_word' id='word_1_40' title='bbox 606 1561 768 1625; x_wconf 58' lang='lat' dir='ltr'>fatuitatis</span> 
     </span>
     <span class='ocr_line' id='line_1_13' title="bbox 454 1659 877 1742; baseline 0 -20"><span class='ocrx_word' id='word_1_41' title='bbox 454 1661 551 1722; x_wconf 85' lang='lat' dir='ltr'>Mille</span> <span class='ocrx_word' id='word_1_42' title='bbox 575 1669 700 1742; x_wconf 91' lang='lat' dir='ltr'>petunt</span> <span class='ocrx_word' id='word_1_43' title='bbox 724 1659 877 1722; x_wconf 84' lang='lat' dir='ltr'>artibus?</span> 
     </span>
     <span class='ocr_line' id='line_1_14' title="bbox 322 1757 849 1841; baseline -0.004 -19"><span class='ocrx_word' id='word_1_44' title='bbox 322 1758 457 1822; x_wconf 86' lang='lat' dir='ltr'>Aurum</span> <span class='ocrx_word' id='word_1_45' title='bbox 480 1757 591 1821; x_wconf 83' lang='lat' dir='ltr'>forsan</span> <span class='ocrx_word' id='word_1_46' title='bbox 614 1757 642 1820; x_wconf 65' lang='grc' dir='ltr'>ἃ</span> <span class='ocrx_word' id='word_1_47' title='bbox 666 1769 849 1841; x_wconf 84' lang='lat' dir='ltr'>argentum</span> 
     </span>
     <span class='ocr_line' id='line_1_15' title="bbox 323 1855 810 1938; baseline -0.006 -18"><span class='ocrx_word' id='word_1_48' title='bbox 323 1855 457 1938; x_wconf 74' lang='lat' dir='ltr'>Quaerit</span> <span class='ocrx_word' id='word_1_49' title='bbox 480 1856 538 1918; x_wconf 90' lang='lat' dir='ltr'>ille</span> <span class='ocrx_word' id='word_1_50' title='bbox 561 1855 810 1917; x_wconf 85' lang='lat' dir='ltr'>nutrimentum</span> 
     </span>
     <span class='ocr_line' id='line_1_16' title="bbox 456 1952 817 2035; baseline -0.006 -20"><span class='ocrx_word' id='word_1_51' title='bbox 456 1953 553 2017; x_wconf 85' lang='lat' dir='ltr'>Dirae</span> <span class='ocrx_word' id='word_1_52' title='bbox 576 1952 643 2015; x_wconf 83' lang='lat' dir='ltr'>fitis</span> <span class='ocrx_word' id='word_1_53' title='bbox 667 1952 817 2035; x_wconf 78' lang='lat' dir='ltr'>ignibus,</span> 
     </span>
     <span class='ocr_line' id='line_1_17' title="bbox 323 2048 839 2132; baseline -0.002 -19"><span class='ocrx_word' id='word_1_54' title='bbox 323 2050 551 2132; x_wconf 85' lang='lat' dir='ltr'>Voluptatum</span> <span class='ocrx_word' id='word_1_55' title='bbox 574 2048 648 2112; x_wconf 81' lang='lat' dir='ltr'>sunt</span> <span class='ocrx_word' id='word_1_56' title='bbox 670 2048 839 2122; x_wconf 82' lang='lat' dir='ltr'>fomenta,</span> 
     </span>
     <span class='ocr_line' id='line_1_18' title="bbox 324 2146 811 2230; baseline -0.01 -18"><span class='ocrx_word' id='word_1_57' title='bbox 324 2147 412 2230; x_wconf 80' lang='lat' dir='ltr'>Quae</span> <span class='ocrx_word' id='word_1_58' title='bbox 435 2146 624 2211; x_wconf 81' lang='lat' dir='ltr'>ministrant</span> <span class='ocrx_word' id='word_1_59' title='bbox 647 2146 811 2208; x_wconf 83' lang='lat' dir='ltr'>alimenta</span> 
     </span>
     <span class='ocr_line' id='line_1_19' title="bbox 302 2243 802 2313; baseline 0.004 -3"><span class='ocrx_word' id='word_1_60' title='bbox 302 2243 304 2246; x_wconf 42' lang='lat'><em>⁴</em></span> <span class='ocrx_word' id='word_1_61' title='bbox 457 2245 587 2311; x_wconf 82' lang='lat' dir='ltr'>Insanis</span> <span class='ocrx_word' id='word_1_62' title='bbox 610 2244 802 2313; x_wconf 82' lang='lat' dir='ltr'>ardoribus.</span> 
     </span>
     <span class='ocr_line' id='line_1_20' title="bbox 325 2344 732 2428; baseline 0.002 -21"><span class='ocrx_word' id='word_1_63' title='bbox 325 2344 387 2407; x_wconf 92' lang='lat' dir='ltr'>Ille</span> <span class='ocrx_word' id='word_1_64' title='bbox 411 2346 526 2408; x_wconf 90' lang='lat' dir='ltr'>locum</span> <span class='ocrx_word' id='word_1_65' title='bbox 550 2344 732 2428; x_wconf 83' lang='lat' dir='ltr'>dignitatis</span> 
     </span>
     <span class='ocr_line' id='line_1_21' title="bbox 325 2441 779 2526; baseline -0.002 -21"><span class='ocrx_word' id='word_1_66' title='bbox 325 2442 449 2506; x_wconf 89' lang='lat' dir='ltr'>Ambit</span> <span class='ocrx_word' id='word_1_67' title='bbox 473 2453 577 2526; x_wconf 83' lang='lat' dir='ltr'>atque</span> <span class='ocrx_word' id='word_1_68' title='bbox 600 2441 779 2524; x_wconf 82' lang='lat' dir='ltr'>potestatis</span> 
     </span>
     <span class='ocr_line' id='line_1_22' title="bbox 458 2539 849 2620; baseline -0.003 -18"><span class='ocrx_word' id='word_1_69' title='bbox 458 2540 534 2620; x_wconf 81' lang='lat' dir='ltr'>Jam</span> <span class='ocrx_word' id='word_1_70' title='bbox 556 2540 683 2605; x_wconf 81' lang='lat' dir='ltr'>invisus</span> <span class='ocrx_word' id='word_1_71' title='bbox 706 2539 849 2603; x_wconf 81' lang='lat' dir='ltr'>aemulis.</span> 
     </span>
     <span class='ocr_line' id='line_1_23' title="bbox 326 2637 696 2722; baseline 0.003 -22"><span class='ocrx_word' id='word_1_72' title='bbox 326 2637 434 2701; x_wconf 83' lang='lat' dir='ltr'>Amat</span> <span class='ocrx_word' id='word_1_73' title='bbox 456 2637 516 2701; x_wconf 85' lang='lat' dir='ltr'>iste</span> <span class='ocrx_word' id='word_1_74' title='bbox 539 2639 696 2722; x_wconf 81' lang='lat' dir='ltr'>gloriari,</span> 
     </span>
     <span class='ocr_line' id='line_1_24' title="bbox 326 2735 783 2819; baseline 0 -22"><span class='ocrx_word' id='word_1_75' title='bbox 326 2735 421 2798; x_wconf 81' lang='lat' dir='ltr'>Inter</span> <span class='ocrx_word' id='word_1_76' title='bbox 443 2756 592 2819; x_wconf 83' lang='lat' dir='ltr'>magnos</span> <span class='ocrx_word' id='word_1_77' title='bbox 613 2736 783 2799; x_wconf 81' lang='lat' dir='ltr'>nominari</span> 
     </span>
     <span class='ocr_line' id='line_1_25' title="bbox 458 2831 898 2896; baseline 0 -2"><span class='ocrx_word' id='word_1_78' title='bbox 458 2833 579 2896; x_wconf 83' lang='lat' dir='ltr'>Multis</span> <span class='ocrx_word' id='word_1_79' title='bbox 602 2831 729 2896; x_wconf 75' lang='lat' dir='ltr'>cintius</span> <span class='ocrx_word' id='word_1_80' title='bbox 752 2832 898 2895; x_wconf 81' lang='lat' dir='ltr'>famulis,</span> 
     </span>
     <span class='ocr_line' id='line_1_26' title="bbox 327 2930 845 3014; baseline 0.002 -21"><span class='ocrx_word' id='word_1_81' title='bbox 327 2931 464 2994; x_wconf 81' lang='lat' dir='ltr'>Laudes</span> <span class='ocrx_word' id='word_1_82' title='bbox 488 2940 607 3014; x_wconf 80' lang='lat' dir='ltr'>captat</span> <span class='ocrx_word' id='word_1_83' title='bbox 630 2930 658 2995; x_wconf 71' lang='lat'>81</span> <span class='ocrx_word' id='word_1_84' title='bbox 681 2932 845 3010; x_wconf 78' lang='lat' dir='ltr'>honoreS,</span> 
     </span>
     <span class='ocr_line' id='line_1_27' title="bbox 326 3029 797 3103; baseline 0 -12"><span class='ocrx_word' id='word_1_85' title='bbox 326 3029 376 3091; x_wconf 86' lang='lat' dir='ltr'>Ut</span> <span class='ocrx_word' id='word_1_86' title='bbox 398 3037 545 3092; x_wconf 81' lang='lat' dir='ltr'>venatur</span> <span class='ocrx_word' id='word_1_87' title='bbox 567 3029 624 3092; x_wconf 88' lang='lat' dir='ltr'>hic</span> <span class='ocrx_word' id='word_1_88' title='bbox 647 3048 797 3103; x_wconf 82' lang='lat' dir='ltr'>amores,</span> 
     </span>
     <span class='ocr_line' id='line_1_28' title="bbox 462 3124 836 3209; baseline -0.005 -19"><span class='ocrx_word' id='word_1_89' title='bbox 462 3124 660 3209; x_wconf 70' lang='lat' dir='ltr'>Omnesque</span> <span class='ocrx_word' id='word_1_90' title='bbox 684 3126 836 3192; x_wconf 81' lang='lat' dir='ltr'>delicias.</span> 
     </span>
     <span class='ocr_line' id='line_1_29' title="bbox 329 3220 862 3288; baseline -0.004 -1"><span class='ocrx_word' id='word_1_91' title='bbox 329 3220 470 3288; x_wconf 81' lang='lat' dir='ltr'>Summa</span> <span class='ocrx_word' id='word_1_92' title='bbox 492 3224 608 3287; x_wconf 86' lang='lat' dir='ltr'>multis</span> <span class='ocrx_word' id='word_1_93' title='bbox 632 3224 678 3288; x_wconf 86' lang='lat' dir='ltr'>est</span> <span class='ocrx_word' id='word_1_94' title='bbox 701 3236 862 3288; x_wconf 89' lang='lat' dir='ltr'>votorum</span> 
     </span>
     <span class='ocr_line' id='line_1_30' title="bbox 327 3320 798 3405; baseline -0.002 -21"><span class='ocrx_word' id='word_1_95' title='bbox 327 3322 447 3405; x_wconf 85' lang='lat' dir='ltr'>Atque</span> <span class='ocrx_word' id='word_1_96' title='bbox 470 3320 549 3384; x_wconf 89' lang='lat' dir='ltr'>finis</span> <span class='ocrx_word' id='word_1_97' title='bbox 573 3322 619 3385; x_wconf 85' lang='lat' dir='ltr'>est</span> <span class='ocrx_word' id='word_1_98' title='bbox 641 3323 798 3385; x_wconf 82' lang='lat' dir='ltr'>laborum</span> 
     </span>
     <span class='ocr_line' id='line_1_31' title="bbox 460 3419 765 3504; baseline 0.003 -23"><span class='ocrx_word' id='word_1_99' title='bbox 460 3419 585 3484; x_wconf 83' lang='lat' dir='ltr'>Ditare</span> <span class='ocrx_word' id='word_1_100' title='bbox 598 3420 765 3504; x_wconf 75' lang='lat' dir='ltr'>familias,</span> 
     </span>
    </p>
   </div>
   <div class='ocr_carea' id='block_1_3' title="bbox 610 3606 687 3685">
    <p class='ocr_par' dir='ltr' id='par_1_3' title="bbox 610 3606 687 3685">
     <span class='ocr_line' id='line_1_32' title="bbox 610 3606 687 3685; baseline 0 0"><span class='ocrx_word' id='word_1_101' title='bbox 610 3606 687 3685; x_wconf 74' lang='lat' dir='ltr'>Ds</span> 
     </span>
    </p>
   </div>
   <div class='ocr_carea' id='block_1_4' title="bbox 0 0 1470 4500">
    <p class='ocr_par' dir='ltr' id='par_1_4' title="bbox 0 0 1470 4500">
     <span class='ocr_line' id='line_1_33' title="bbox 0 0 1470 4500; baseline 0 0"><span class='ocrx_word' id='word_1_102' title='bbox 0 0 1470 4500; x_wconf 95' lang='lat' dir='ltr'> </span> 
     </span>
    </p>
   </div>
  </div>
 </body>
</html>
