2900 4500
647 498 1039 626 llwsslit

508 620 644 686 Nomen
667 634 766 686 tuum
789 626 968 690 honorabo

507 718 623 796 Faeto,
648 722 780 798 verbiS,
804 722 833 786 d
856 726 982 787 amabo

641 817 768 883 Colens
791 820 987 886 fidelilllme.

507 916 601 979 Nihil
624 927 747 980 contra
770 919 966 984 meditabor

508 1012 580 1077 Sed
603 1014 652 1076 nil
674 1014 787 1098 magis
811 1017 1007 1081 detestabor

640 1111 753 1194 Quam
777 1116 870 1196 quod
893 1116 960 1180 tibi
983 1115 1150 1202 displicet.

506 1207 618 1274 Servo
642 1220 701 1273 tuo
726 1210 930 1276 fruetuolum

506 1308 594 1382 Erit,
618 1317 724 1391 atque
748 1311 946 1393 gloriosum,

640 1405 769 1489 Ecquis
793 1409 915 1472 contra
934 1412 1076 1494 judicet.

505 1502 600 1587 Ergo
623 1503 689 1568 tibi
712 1503 746 1567 le
769 1506 956 1571 dedentem

506 1601 589 1664 Tuae
614 1621 706 1665 curae
732 1603 964 1669 confidentem

638 1697 787 1764 Servum
809 1711 908 1766 tuum
929 1703 1066 1788 suscipe.

505 1796 616 1861 Vides
640 1807 726 1879 quot
749 1799 778 1863 δι
802 1800 905 1884 quam
927 1802 1058 1865 molesti

504 1894 669 1959 Permant
691 1897 819 1972 hoste8‚
843 1898 872 1962 d
895 1899 1006 1963 lnfesti

638 1993 717 2072 His,
742 1996 781 2059 tt
803 2006 920 2080 poteS,
945 1997 1051 2080 eripe.

504 2140 610 2148 ——

805 2266 831 2350 ξ.
853 2283 882 2332 2.

505 2364 645 2566 SIve
669 2387 798 2450 blanda
821 2388 859 2453 fit
881 2389 1020 2454 fortuna

585 2481 669 2549 Sive
691 2495 829 2566 premat
851 2487 1062 2570 importuna,

634 2580 752 2644 Firma
774 2603 829 2646 me
852 2585 1027 2667 praelidiis.

503 2677 586 2744 Sive
610 2689 719 2742 vexet
742 2681 916 2746 violentus

501 2776 631 2854 Hostis,
654 2777 712 2840 leu
735 2777 773 2841 lit
795 2778 1045 2848 fraudulentus,

633 2875 778 2955 Juvabis
801 2878 950 2942 auxiliis.

502 2972 555 3034 Ne
579 2991 634 3035 me
658 2973 759 3037 fucus
782 2975 961 3055 vanitatis,

501 3069 570 3133 Vel
593 3071 742 3134 dulcedo
765 3073 955 3156 voluptatis

633 3168 817 3233 Inoautum
840 3171 1002 3254 decipiat.

501 3262 613 3329 Stella
635 3267 732 3329 velut
755 3268 925 3331 matutina

499 3364 550 3426 Te
573 3364 711 3428 lucente
735 3365 796 3427 lux
819 3366 938 3428 divina

632 3461 818 3545 Nunquam
841 3484 896 3526 me
920 3463 1070 3530 deficiat.

500 3556 667 3640 Quamvis
691 3561 751 3623 via
772 3559 810 3624 lit
833 3561 977 3625 obscura

499 3657 574 3720 Erit
597 3668 716 3720 tamen
738 3677 837 3722 mens
860 3661 979 3724 secura

632 3753 672 3818 Si
695 3756 779 3818 mihi
801 3757 1017 3839 praeluxeris.
