<?xml version="1.0" encoding="UTF-8"?>
<!DOCTYPE html PUBLIC "-//W3C//DTD XHTML 1.0 Transitional//EN"
    "http://www.w3.org/TR/xhtml1/DTD/xhtml1-transitional.dtd">
<html xmlns="http://www.w3.org/1999/xhtml" xml:lang="en" lang="en">
 <head>
  <title>
</title>
<meta http-equiv="Content-Type" content="text/html;charset=utf-8" />
  <meta name='ocr-system' content='tesseract 3.04.00' />
  <meta name='ocr-capabilities' content='ocr_page ocr_carea ocr_par ocr_line ocrx_word'/>
</head>
<body>
  <div class='ocr_page' id='page_1' title='image "./chilidulachryma00platgoog_0080.png"; bbox 0 0 2900 4500; ppageno 0'>
   <div class='ocr_carea' id='block_1_1' title="bbox 621 517 1011 638">
    <p class='ocr_par' dir='ltr' id='par_1_1' title="bbox 621 517 1011 638">
     <span class='ocr_line' id='line_1_1' title="bbox 621 517 1011 638; baseline 0 0"><span class='ocrx_word' id='word_1_1' title='bbox 621 517 1011 638; x_wconf 45' lang='lat' dir='ltr'>ittet*</span> 
     </span>
    </p>
   </div>
   <div class='ocr_carea' id='block_1_2' title="bbox 478 638 1041 1212">
    <p class='ocr_par' dir='ltr' id='par_1_2' title="bbox 478 638 1041 1212">
     <span class='ocr_line' id='line_1_2' title="bbox 478 638 956 722; baseline -0.002 -19"><span class='ocrx_word' id='word_1_2' title='bbox 478 640 577 703; x_wconf 71' lang='lat' dir='ltr'>Licet</span> <span class='ocrx_word' id='word_1_3' title='bbox 601 660 721 702; x_wconf 89' lang='lat' dir='ltr'>omnes</span> <span class='ocrx_word' id='word_1_4' title='bbox 746 638 956 722; x_wconf 84' lang='lat' dir='ltr'>collegiffem</span> 
     </span>
     <span class='ocr_line' id='line_1_3' title="bbox 480 736 948 820; baseline 0.002 -19"><span class='ocrx_word' id='word_1_5' title='bbox 480 736 593 801; x_wconf 87' lang='lat' dir='ltr'>Gazas</span> <span class='ocrx_word' id='word_1_6' title='bbox 617 738 692 800; x_wconf 86' lang='lat' dir='ltr'>auri</span> <span class='ocrx_word' id='word_1_7' title='bbox 715 739 772 802; x_wconf 92' lang='lat' dir='ltr'>vel</span> <span class='ocrx_word' id='word_1_8' title='bbox 797 738 948 820; x_wconf 84' lang='lat' dir='ltr'><strong>argenti:</strong></span> 
     </span>
     <span class='ocr_line' id='line_1_4' title="bbox 480 831 1031 918; baseline 0 -19"><span class='ocrx_word' id='word_1_9' title='bbox 480 831 646 918; x_wconf 84' lang='lat' dir='ltr'>Quamvis</span> <span class='ocrx_word' id='word_1_10' title='bbox 670 855 770 899; x_wconf 84' lang='lat' dir='ltr'>arcas</span> <span class='ocrx_word' id='word_1_11' title='bbox 794 835 1031 917; x_wconf 77' lang='lat' dir='ltr'><strong>implevissem,</strong></span> 
     </span>
     <span class='ocr_line' id='line_1_5' title="bbox 480 932 948 1017; baseline 0 -21"><span class='ocrx_word' id='word_1_12' title='bbox 480 934 572 1017; x_wconf 81' lang='lat' dir='ltr'>Quid</span> <span class='ocrx_word' id='word_1_13' title='bbox 597 932 764 996; x_wconf 88' lang='lat' dir='ltr'>afferrent</span> <span class='ocrx_word' id='word_1_14' title='bbox 788 933 948 998; x_wconf 86' lang='lat' dir='ltr'>morienti</span> 
     </span>
     <span class='ocr_line' id='line_1_6' title="bbox 612 1031 1041 1095; baseline 0.005 -2"><span class='ocrx_word' id='word_1_15' title='bbox 612 1031 744 1095; x_wconf 85' lang='lat' dir='ltr'>Praeter</span> <span class='ocrx_word' id='word_1_16' title='bbox 768 1031 893 1094; x_wconf 86' lang='lat' dir='ltr'>mentis</span> <span class='ocrx_word' id='word_1_17' title='bbox 917 1032 1041 1095; x_wconf 78' lang='lat' dir='ltr'>taedia?</span> 
     </span>
     <span class='ocr_line' id='line_1_7' title="bbox 479 1128 993 1212; baseline 0 -20"><span class='ocrx_word' id='word_1_18' title='bbox 479 1128 592 1193; x_wconf 89' lang='lat' dir='ltr'>Annis</span> <span class='ocrx_word' id='word_1_19' title='bbox 615 1140 671 1193; x_wconf 88' lang='lat' dir='ltr'>ter</span> <span class='ocrx_word' id='word_1_20' title='bbox 694 1138 820 1212; x_wconf 82' lang='lat' dir='ltr'>quater</span> <span class='ocrx_word' id='word_1_21' title='bbox 843 1129 993 1194; x_wconf 89' lang='lat' dir='ltr'>millenis</span> 
     </span>
    </p>
   </div>
   <div class='ocr_carea' id='block_1_3' title="bbox 480 1226 1088 3570">
    <p class='ocr_par' dir='ltr' id='par_1_3' title="bbox 480 1226 977 1504">
     <span class='ocr_line' id='line_1_8' title="bbox 482 1226 932 1301; baseline -0.002 -10"><span class='ocrx_word' id='word_1_22' title='bbox 482 1226 520 1292; x_wconf 88' lang='lat' dir='ltr'>Si</span> <span class='ocrx_word' id='word_1_23' title='bbox 543 1226 699 1290; x_wconf 83' lang='lat' dir='ltr'>vixiffem</span> <span class='ocrx_word' id='word_1_24' title='bbox 721 1226 932 1301; x_wconf 84' lang='lat' dir='ltr'>fortunatus,</span> 
     </span>
     <span class='ocr_line' id='line_1_9' title="bbox 480 1323 966 1390; baseline -0.004 -2"><span class='ocrx_word' id='word_1_25' title='bbox 480 1327 604 1390; x_wconf 78' lang='lat' dir='ltr'>N6nne</span> <span class='ocrx_word' id='word_1_26' title='bbox 628 1326 725 1387; x_wconf 89' lang='lat' dir='ltr'>velut</span> <span class='ocrx_word' id='word_1_27' title='bbox 750 1323 832 1386; x_wconf 70' lang='lat' dir='ltr'>attis</span> <span class='ocrx_word' id='word_1_28' title='bbox 856 1324 966 1388; x_wconf 81' lang='lat' dir='ltr'>scenis</span> 
     </span>
     <span class='ocr_line' id='line_1_10' title="bbox 480 1420 977 1504; baseline 0.002 -20"><span class='ocrx_word' id='word_1_29' title='bbox 480 1422 585 1484; x_wconf 87' lang='lat' dir='ltr'>Miser</span> <span class='ocrx_word' id='word_1_30' title='bbox 608 1420 710 1485; x_wconf 86' lang='lat' dir='ltr'>effern</span> <span class='ocrx_word' id='word_1_31' title='bbox 732 1423 803 1504; x_wconf 87' lang='lat' dir='ltr'>jam</span> <span class='ocrx_word' id='word_1_32' title='bbox 827 1423 977 1485; x_wconf 87' lang='lat' dir='ltr'>nudatus</span> 
     </span>
    </p>

    <p class='ocr_par' dir='ltr' id='par_1_4' title="bbox 481 1517 1052 1976">
     <span class='ocr_line' id='line_1_11' title="bbox 613 1517 1052 1602; baseline 0 -20"><span class='ocrx_word' id='word_1_33' title='bbox 613 1519 736 1582; x_wconf 89' lang='lat' dir='ltr'>Mundi</span> <span class='ocrx_word' id='word_1_34' title='bbox 761 1517 888 1582; x_wconf 58' lang='lat' dir='ltr'>cunetis</span> <span class='ocrx_word' id='word_1_35' title='bbox 912 1521 1052 1602; x_wconf 85' lang='lat' dir='ltr'>opibus!</span> 
     </span>
     <span class='ocr_line' id='line_1_12' title="bbox 481 1615 988 1700; baseline -0.002 -19"><span class='ocrx_word' id='word_1_36' title='bbox 481 1619 558 1681; x_wconf 90' lang='lat' dir='ltr'>Non</span> <span class='ocrx_word' id='word_1_37' title='bbox 582 1617 625 1679; x_wconf 85' lang='lat' dir='ltr'>fic</span> <span class='ocrx_word' id='word_1_38' title='bbox 648 1615 738 1680; x_wconf 72' lang='lat' dir='ltr'>reno</span> <span class='ocrx_word' id='word_1_39' title='bbox 762 1617 821 1680; x_wconf 82' lang='lat' dir='ltr'>iub</span> <span class='ocrx_word' id='word_1_40' title='bbox 846 1616 988 1700; x_wconf 87' lang='lat' dir='ltr'>augusto</span> 
     </span>
     <span class='ocr_line' id='line_1_13' title="bbox 482 1717 984 1799; baseline -0.002 -20"><span class='ocrx_word' id='word_1_41' title='bbox 482 1717 606 1797; x_wconf 88' lang='lat' dir='ltr'>Jacens</span> <span class='ocrx_word' id='word_1_42' title='bbox 629 1717 762 1799; x_wconf 84' lang='lat' dir='ltr'>gaudet</span> <span class='ocrx_word' id='word_1_43' title='bbox 785 1719 984 1797; x_wconf 86' lang='lat' dir='ltr'>opulentus:</span> 
     </span>
     <span class='ocr_line' id='line_1_14' title="bbox 482 1812 922 1897; baseline -0.005 -19"><span class='ocrx_word' id='word_1_44' title='bbox 482 1813 581 1878; x_wconf 85' lang='lat' dir='ltr'>Sicut</span> <span class='ocrx_word' id='word_1_45' title='bbox 605 1834 673 1897; x_wconf 88' lang='lat' dir='ltr'>ego</span> <span class='ocrx_word' id='word_1_46' title='bbox 696 1814 756 1877; x_wconf 90' lang='lat' dir='ltr'>sub</span> <span class='ocrx_word' id='word_1_47' title='bbox 781 1812 922 1896; x_wconf 84' lang='lat' dir='ltr'>angusto</span> 
     </span>
     <span class='ocr_line' id='line_1_15' title="bbox 481 1911 1001 1976; baseline -0.002 -1"><span class='ocrx_word' id='word_1_48' title='bbox 481 1911 588 1975; x_wconf 74' lang='lat' dir='ltr'>Modt</span> <span class='ocrx_word' id='word_1_49' title='bbox 612 1912 699 1974; x_wconf 85' lang='lat' dir='ltr'>mori</span> <span class='ocrx_word' id='word_1_50' title='bbox 723 1911 794 1974; x_wconf 81' lang='lat' dir='ltr'>sum</span> <span class='ocrx_word' id='word_1_51' title='bbox 818 1923 1001 1976; x_wconf 91' lang='lat' dir='ltr'>contentus</span> 
     </span>
    </p>

    <p class='ocr_par' dir='ltr' id='par_1_5' title="bbox 481 2009 1088 2480">
     <span class='ocr_line' id='line_1_16' title="bbox 615 2009 1088 2093; baseline 0.008 -22"><span class='ocrx_word' id='word_1_52' title='bbox 615 2009 859 2093; x_wconf 88' lang='lat' dir='ltr'>Propinquans</span> <span class='ocrx_word' id='word_1_53' title='bbox 883 2009 1088 2076; x_wconf 80' lang='lat' dir='ltr'>coelestibus,</span> 
     </span>
     <span class='ocr_line' id='line_1_17' title="bbox 481 2108 980 2184; baseline 0.002 -14"><span class='ocrx_word' id='word_1_54' title='bbox 481 2108 584 2171; x_wconf 90' lang='lat' dir='ltr'>Multi</span> <span class='ocrx_word' id='word_1_55' title='bbox 607 2128 723 2171; x_wconf 90' lang='lat' dir='ltr'>rerum</span> <span class='ocrx_word' id='word_1_56' title='bbox 746 2109 980 2184; x_wconf 85' lang='lat' dir='ltr'><strong>dominantes,</strong></span> 
     </span>
     <span class='ocr_line' id='line_1_18' title="bbox 483 2205 994 2290; baseline -0.002 -20"><span class='ocrx_word' id='word_1_57' title='bbox 483 2206 598 2290; x_wconf 80' lang='lat' dir='ltr'>Quum</span> <span class='ocrx_word' id='word_1_58' title='bbox 621 2205 760 2270; x_wconf 82' lang='lat' dir='ltr'>instaret</span> <span class='ocrx_word' id='word_1_59' title='bbox 782 2217 876 2269; x_wconf 84' lang='lat' dir='ltr'>meta</span> <span class='ocrx_word' id='word_1_60' title='bbox 898 2206 994 2283; x_wconf 85' lang='lat' dir='ltr'>vitae,</span> 
     </span>
     <span class='ocr_line' id='line_1_19' title="bbox 484 2304 930 2387; baseline -0.002 -18"><span class='ocrx_word' id='word_1_61' title='bbox 484 2304 703 2387; x_wconf 83' lang='lat' dir='ltr'>Optaverunt</span> <span class='ocrx_word' id='word_1_62' title='bbox 726 2304 930 2387; x_wconf 80' lang='lat' dir='ltr'>suspirantes</span> 
     </span>
     <span class='ocr_line' id='line_1_20' title="bbox 482 2402 879 2480; baseline 0.003 -16"><span class='ocrx_word' id='word_1_63' title='bbox 482 2403 536 2465; x_wconf 88' lang='lat' dir='ltr'>Pii</span> <span class='ocrx_word' id='word_1_64' title='bbox 559 2402 683 2467; x_wconf 80' lang='lat' dir='ltr'>sortem</span> <span class='ocrx_word' id='word_1_65' title='bbox 708 2403 879 2480; x_wconf 70' lang='lat' dir='ltr'>Calibstae,</span> 
     </span>
    </p>

    <p class='ocr_par' dir='ltr' id='par_1_6' title="bbox 484 2501 1017 2780">
     <span class='ocr_line' id='line_1_21' title="bbox 618 2501 1009 2564; baseline 0.003 -1"><span class='ocrx_word' id='word_1_66' title='bbox 618 2501 687 2563; x_wconf 89' lang='lat' dir='ltr'>Vel</span> <span class='ocrx_word' id='word_1_67' title='bbox 709 2511 857 2564; x_wconf 85' lang='lat' dir='ltr'>mortem</span> <span class='ocrx_word' id='word_1_68' title='bbox 880 2501 1009 2564; x_wconf 83' lang='lat' dir='ltr'>Alexii.</span> 
     </span>
     <span class='ocr_line' id='line_1_22' title="bbox 484 2599 1017 2682; baseline 0.002 -21"><span class='ocrx_word' id='word_1_69' title='bbox 484 2599 613 2681; x_wconf 89' lang='lat' dir='ltr'>Ecquis</span> <span class='ocrx_word' id='word_1_70' title='bbox 632 2600 703 2682; x_wconf 88' lang='lat' dir='ltr'>jam</span> <span class='ocrx_word' id='word_1_71' title='bbox 724 2600 796 2682; x_wconf 86' lang='lat' dir='ltr'>jam</span> <span class='ocrx_word' id='word_1_72' title='bbox 818 2599 1017 2662; x_wconf 85' lang='lat' dir='ltr'>tranfiturus</span> 
     </span>
     <span class='ocr_line' id='line_1_23' title="bbox 484 2696 942 2780; baseline 0 -21"><span class='ocrx_word' id='word_1_73' title='bbox 484 2696 570 2760; x_wconf 89' lang='lat' dir='ltr'>Alto</span> <span class='ocrx_word' id='word_1_74' title='bbox 594 2698 728 2780; x_wconf 86' lang='lat' dir='ltr'>gaudet</span> <span class='ocrx_word' id='word_1_75' title='bbox 752 2696 942 2772; x_wconf 89' lang='lat' dir='ltr'>dominatu;</span> 
     </span>
    </p>

    <p class='ocr_par' dir='ltr' id='par_1_7' title="bbox 486 2794 1017 2977">
     <span class='ocr_line' id='line_1_24' title="bbox 486 2794 1017 2876; baseline 0.002 -19"><span class='ocrx_word' id='word_1_76' title='bbox 486 2794 573 2876; x_wconf 83' lang='lat' dir='ltr'>Quis</span> <span class='ocrx_word' id='word_1_77' title='bbox 596 2815 667 2859; x_wconf 92' lang='lat' dir='ltr'>non</span> <span class='ocrx_word' id='word_1_78' title='bbox 689 2798 809 2860; x_wconf 89' lang='lat' dir='ltr'>mallet</span> <span class='ocrx_word' id='word_1_79' title='bbox 832 2796 1017 2859; x_wconf 90' lang='lat' dir='ltr'>moriturus</span> 
     </span>
     <span class='ocr_line' id='line_1_25' title="bbox 486 2892 929 2977; baseline 0.005 -22"><span class='ocrx_word' id='word_1_80' title='bbox 486 2892 704 2957; x_wconf 81' lang='lat' dir='ltr'>Commutato</span> <span class='ocrx_word' id='word_1_81' title='bbox 728 2894 929 2977; x_wconf 85' lang='lat' dir='ltr'>magistratu</span> 
     </span>
    </p>

    <p class='ocr_par' dir='ltr' id='par_1_8' title="bbox 486 2991 1017 3466">
     <span class='ocr_line' id='line_1_26' title="bbox 616 2991 997 3056; baseline 0.005 -4"><span class='ocrx_word' id='word_1_82' title='bbox 616 2991 807 3055; x_wconf 85' lang='lat' dir='ltr'>Tranfitum</span> <span class='ocrx_word' id='word_1_83' title='bbox 830 2991 997 3056; x_wconf 78' lang='lat' dir='ltr'>Xaverii?</span> 
     </span>
     <span class='ocr_line' id='line_1_27' title="bbox 486 3087 1017 3171; baseline 0 -19"><span class='ocrx_word' id='word_1_84' title='bbox 486 3087 516 3152; x_wconf 95' lang='lat' dir='ltr'>O</span> <span class='ocrx_word' id='word_1_85' title='bbox 541 3108 632 3151; x_wconf 89' lang='lat' dir='ltr'>mors</span> <span class='ocrx_word' id='word_1_86' title='bbox 656 3089 760 3171; x_wconf 74' lang='lat' dir='ltr'>quarn</span> <span class='ocrx_word' id='word_1_87' title='bbox 784 3109 821 3152; x_wconf 89' lang='lat' dir='ltr'>es</span> <span class='ocrx_word' id='word_1_88' title='bbox 845 3089 894 3151; x_wconf 92' lang='lat' dir='ltr'>illi</span> <span class='ocrx_word' id='word_1_89' title='bbox 918 3091 1017 3163; x_wconf 87' lang='lat' dir='ltr'>dura,</span> 
     </span>
     <span class='ocr_line' id='line_1_28' title="bbox 486 3186 953 3269; baseline 0.011 -21"><span class='ocrx_word' id='word_1_90' title='bbox 486 3186 554 3269; x_wconf 82' lang='lat' dir='ltr'>Qui</span> <span class='ocrx_word' id='word_1_91' title='bbox 577 3187 726 3249; x_wconf 87' lang='lat' dir='ltr'>terrenis</span> <span class='ocrx_word' id='word_1_92' title='bbox 749 3188 953 3254; x_wconf 85' lang='lat' dir='ltr'>abundavit!</span> 
     </span>
     <span class='ocr_line' id='line_1_29' title="bbox 486 3283 963 3367; baseline -0.002 -18"><span class='ocrx_word' id='word_1_93' title='bbox 486 3283 634 3367; x_wconf 86' lang='lat' dir='ltr'>Semper</span> <span class='ocrx_word' id='word_1_94' title='bbox 657 3285 757 3349; x_wconf 87' lang='lat' dir='ltr'>venis</span> <span class='ocrx_word' id='word_1_95' title='bbox 779 3285 963 3348; x_wconf 89' lang='lat' dir='ltr'>immatura</span> 
     </span>
     <span class='ocr_line' id='line_1_30' title="bbox 488 3382 937 3466; baseline 0 -21"><span class='ocrx_word' id='word_1_96' title='bbox 488 3383 543 3446; x_wconf 90' lang='lat' dir='ltr'>Illi</span> <span class='ocrx_word' id='word_1_97' title='bbox 566 3383 626 3466; x_wconf 91' lang='lat' dir='ltr'>qui</span> <span class='ocrx_word' id='word_1_98' title='bbox 649 3384 698 3446; x_wconf 93' lang='lat' dir='ltr'>nil</span> <span class='ocrx_word' id='word_1_99' title='bbox 722 3382 937 3466; x_wconf 87' lang='lat' dir='ltr'>comparavit</span> 
     </span>
    </p>

    <p class='ocr_par' dir='ltr' id='par_1_9' title="bbox 619 3481 1081 3570">
     <span class='ocr_line' id='line_1_31' title="bbox 619 3481 1081 3570; baseline -0.002 -26"><span class='ocrx_word' id='word_1_100' title='bbox 619 3481 722 3564; x_wconf 80' lang='lat' dir='ltr'>Quod</span> <span class='ocrx_word' id='word_1_101' title='bbox 745 3482 910 3564; x_wconf 88' lang='lat' dir='ltr'>migranti</span> <span class='ocrx_word' id='word_1_102' title='bbox 932 3490 1081 3570; x_wconf 87' lang='lat' dir='ltr'>maneat.</span> 
     </span>
    </p>
   </div>
   <div class='ocr_carea' id='block_1_4' title="bbox 1071 3666 1183 3750">
    <p class='ocr_par' dir='ltr' id='par_1_10' title="bbox 1071 3666 1183 3750">
     <span class='ocr_line' id='line_1_32' title="bbox 1071 3666 1183 3750; baseline -0.009 -20"><span class='ocrx_word' id='word_1_103' title='bbox 1071 3666 1183 3750; x_wconf 69' lang='lat' dir='ltr'>Quam</span> 
     </span>
    </p>
   </div>
   <div class='ocr_carea' id='block_1_5' title="bbox 0 0 1467 4500">
    <p class='ocr_par' dir='ltr' id='par_1_11' title="bbox 0 0 1467 4500">
     <span class='ocr_line' id='line_1_33' title="bbox 0 0 1467 4500; baseline 0 0"><span class='ocrx_word' id='word_1_104' title='bbox 0 0 1467 4500; x_wconf 95' lang='lat' dir='ltr'> </span> 
     </span>
    </p>
   </div>
  </div>
 </body>
</html>
