2900 4500
425 462 814 585 attuit}

281 586 422 665 Vermis
446 586 539 649 intus
563 587 648 663 edit,
672 587 765 648 rodit

282 683 351 747 Cor
374 704 522 747 moerore
546 684 642 762 furit,
668 685 755 748 odit:

282 782 388 866 Ignes
411 784 546 846 haerent
567 784 780 867 pertinaces,

281 881 433 960 Ardent,
457 891 575 957 urunt,
599 900 664 945 nec
688 884 816 945 edaces

413 979 586 1043 Flammas
608 980 698 1042 ullus
720 988 902 1061 temperat.

282 1077 406 1153 Dolor,
431 1076 553 1155 luttus,
576 1078 629 1141 ira
651 1078 784 1152 furens,

280 1173 372 1237 Caro
396 1175 532 1249 vivens,
557 1175 648 1258 ignis
672 1194 776 1238 urens

281 1272 373 1336 Ecce
397 1272 491 1335 fimul
515 1274 721 1356 copulantur
767 1310 771 1316 ·

282 1370 327 1433 Et
351 1371 386 1433 in
409 1390 532 1455 poenas
556 1380 784 1454 aggerantur:

415 1468 474 1532 Sic
499 1488 553 1533 me
576 1469 674 1532 Deus
699 1470 841 1532 oderat?

284 1567 424 1649 Ergnne
449 1568 509 1650 qui
532 1587 587 1630 me
612 1567 758 1641 creavit,

282 1664 345 1726 Ille
368 1666 482 1747 poenis
505 1665 558 1728 his
582 1664 762 1730 mallavit?

282 1762 354 1825 Mei
379 1784 439 1826 cur
462 1783 531 1826 non
555 1762 602 1826 est
625 1763 771 1826 oblitus?

283 1858 343 1924 Sic
366 1881 435 1924 non
460 1860 575 1924 ellem:
600 1878 665 1924 nee
690 1861 820 1923 invitus

415 1956 480 2021 His
504 1968 640 2022 teneret
663 1958 820 2021 vinculis.

275 2056 410 2127 ‚Forsan
433 2057 518 2120 fecit
540 2075 596 2119 me
620 2056 797 2138 dignatus:

284 2153 422 2216 Vellem
446 2153 529 2217 ellet
551 2154 767 2237 indignatus,
798 2201 801 2205 -

283 2251 352 2315 Vel
375 2273 429 2315 me
453 2251 586 2335 semper
609 2248 812 2316 nesciviffet:
906 2279 908 2282 ·

282 2349 468 2433 Nunquam
491 2350 559 2414 istis
582 2349 761 2413 inclufillet

415 2449 626 2513 Damnatum
650 2449 837 2532 ergastulis

282 2546 343 2609 Ah
366 2548 448 2629 quid
473 2549 619 2630 queror?
643 2546 722 2611 clim
745 2556 878 2610 amaret

282 2644 341 2707 Me
366 2646 498 2708 creavit
521 2655 560 2708 ut
582 2648 718 2720 bearet,

282 2741 403 2824 Atque
428 2742 541 2806 choris
564 2741 782 2825 Angelorum

283 2838 444 2905 Sociaret
468 2842 651 2904 beatorum

415 2938 609 3022 Dignatum
633 2938 810 3002 consortio.

283 3036 358 3121 Ipse
381 3057 492 3120 regna
514 3036 739 3123 praeparavit,

284 3133 328 3200 Et
351 3133 515 3217 promiffis
538 3134 713 3198 invitavit:

283 3231 388 3295 Hunc
411 3252 563 3295 amorem
586 3232 786 3315 aspernatus

284 3329 383 3393 Eheu
406 3330 507 3393 nimis
530 3340 730 3393 excaecatus

416 3427 495 3492 Hoc
519 3429 663 3492 damnor
685 3427 861 3515 supplicia

284 3525 349 3589 Vae
373 3536 505 3589 aeterna
527 3526 737 3609 negligenti,

283 3622 349 3687 Vae
373 3645 427 3688 vae
450 3625 533 3687 mihi
556 3645 610 3687 vae
635 3624 801 3688 dementi:

583 3723 613 3785 Β
916 3721 985 3785 Cur
