2900 4500
613 454 1002 571 254(ssstss

471 574 583 637 Eheu!
606 584 759 637 mentem
783 594 861 656 quae
884 574 994 636 libido
1026 636 1029 639 ,

471 672 560 734 Dira
581 682 703 747 vexat,
726 672 755 735 u
779 672 919 753 cupido,

603 769 735 832 Amare
759 771 853 852 quod
875 769 1055 849 inquinat?

470 866 530 929 An
551 876 663 930 meret
684 865 889 931 felicitatem

471 963 540 1047 Qui
562 965 611 1028 nil
633 965 692 1028 nili
714 966 905 1028 vanitatem

602 1063 724 1146 Atque
747 1063 857 1126 scelus
878 1063 1041 1126 seminat?

472 1159 637 1244 Quisquis
660 1181 756 1224 amas
778 1161 879 1224 hosce
902 1180 1030 1236 mores,

472 1256 638 1339 Quamvis
660 1277 731 1319 non
754 1256 857 1320 [entis
880 1258 1020 1321 dolores

603 1354 761 1418 Labotas
783 1354 922 1417 insania.

472 1451 593 1513 Nullas
615 1451 685 1514 Dei
707 1451 834 1514 timens
856 1452 926 1516 iras

472 1547 620 1630 Quando
642 1569 785 1630 peccas,
807 1560 891 1612 tunc
914 1551 1043 1613 deliras

605 1645 671 1709 Ista
692 1656 821 1728 putans
843 1648 982 1730 gaudia

473 1741 560 1824 Quae
584 1745 698 1828 caligo
722 1754 758 1806 te
782 1745 929 1807 caecavit

472 1841 602 1923 Ecquis
625 1861 722 1904 error
745 1841 787 1904 [ic
810 1843 979 1920 turbavit,

605 1939 656 2001 Ut
677 1941 754 2003 haec
776 1941 872 2002 bona
894 1941 1060 2002 duceres?

472 2034 517 2097 Et
540 2035 610 2117 qud
633 2036 752 2119 plures
774 2056 981 2119 properare,

473 2131 542 2193 Per
565 2130 632 2208 fas
656 2132 771 2209 nefas,
794 2132 942 2216 aspirare

606 2228 730 2309 Vides,
755 2230 798 2294 ed
821 2232 1003 2294 tenderes?

476 2326 624 2409 Semper
645 2327 712 2391 fuit
734 2329 926 2402 numerosa,

473 2423 536 2487 Uti
556 2437 650 2488 'nunc
673 2424 721 2487 est
744 2427 882 2509 copiosa

606 2522 727 2585 Turba
749 2525 977 2607 pereuntium.

474 2621 547 2684 Ah!
570 2630 643 2684 tam
665 2624 794 2687 multos
817 2622 881 2686 scis
903 2623 1032 2705 perire,

474 2720 599 2802 Neque
622 2729 739 2782 tamen
762 2720 816 2782 vis
839 2720 935 2782 exire

607 2815 676 2879 Via
698 2817 927 2881 morientium.

476 2913 649 2999 Quicquid
671 2913 822 3000 [pedant
845 2914 892 2977 est
914 2915 1060 2977 mortale

474 3014 519 3078 Et
541 3016 609 3078 hoc
632 3013 700 3077 illis
724 3012 772 3075 est
794 3013 938 3091 lethale,

608 3111 756 3194 Quando
779 3110 897 3194 magni
919 3111 1092 3195 penditur.

474 3211 553 3274 Hoc
576 3211 611 3273 in
634 3209 734 3273 malis
758 3209 1022 3290 deplorandum,

475 3308 616 3374 Grande
639 3308 741 3371 nimis
764 3306 794 3370 u
816 3307 1003 3371 nefandum

608 3406 710 3489 Quod
734 3405 832 3469 Deus
855 3404 1099 3471 contemnitur.

967 3585 969 3588 ยน
1077 3592 1176 3655 Inter
