2900 4500
396 536 860 660 illul*

255 661 331 725 Post
356 669 502 743 accepta
525 660 608 723 vitae
631 661 739 730 bona.

256 760 300 823 Et
324 758 484 845 promilla
507 757 586 820 coeli
610 758 714 836 dona,

390 858 489 920 Duro
514 857 618 918 corde
641 854 803 938 negligis.

257 957 349 1019 Vide
375 955 414 1018 lis
438 955 532 1038 quod
555 973 625 1016 non
649 952 792 1027 amanti,

257 1055 353 1136 Jasus
378 1053 475 1116 dicit:
500 1051 675 1134 expiranti

390 1150 481 1213 Vide
506 1149 589 1232 quid
614 1148 766 1230 objiciet.

259 1250 298 1315 Si
321 1270 391 1313 non
414 1267 509 1310 amas
532 1247 736 1330 diligentem

258 1349 326 1412 Pro
350 1357 386 1411 te
411 1347 485 1408 dira
507 1344 699 1428 patientem

392 1444 484 1507 Vide
509 1442 593 1525 quid
616 1451 652 1504 te
675 1440 791 1504 faciet.

259 1544 368 1607 Voles
392 1543 486 1604 illum
509 1539 660 1603 misereri

258 1642 322 1705 Pio
346 1641 445 1704 vultu
467 1648 503 1702 te
527 1637 618 1701 tueri

393 1738 506 1821 Quem
529 1735 627 1799 lanus
652 1733 870 1816 despexeris?

260 1836 426 1921 Nunquid
448 1854 517 1898 non
541 1832 781 1896 obliviscetur?

262 1936 336 2000 Irni>
361 1932 473 2018 magis
496 1931 661 1995 irascetur
762 1970 766 1977 -

395 2032 507 2115 Quem
529 2049 705 2112 nunquam
729 2028 913 2091 dilexeris?

260 2133 368 2195 Putas
391 2130 458 2193 erit
480 2138 562 2191 tunc
587 2128 736 2190 solamen

261 2231 306 2294 Et
330 2227 459 2293 doloris
481 2226 697 2290 medicamen

396 2325 495 2391 Sacri
519 2345 619 2390 cruor
641 2324 779 2386 lateris?
822 2336 825 2343 '

262 2427 313 2488 Te
337 2427 561 2508 languentem
585 2422 758 2485 recreabit

262 2524 307 2586 Et
329 2530 517 2605 paventem
540 2520 759 2584 confirmabit

396 2617 549 2702 Sanguis
572 2620 673 2702 hujus
695 2617 868 2683 vulneris?

262 2720 388 2782 Manus
410 2717 489 2797 Jusu
510 2715 705 2798 perforatas

262 2818 331 2880 Pro
354 2826 390 2879 te
415 2814 521 2877 clavis
544 2816 740 2876 terebratus

397 2912 475 2995 Qua
497 2911 611 2974 fronte
636 2910 817 2994 respicies?

265 3012 470 3095 Oingratel
496 3008 671 3074 Salvatori

265 3109 358 3192 Quid
380 3109 461 3171 huic
486 3108 582 3171 dices
606 3107 753 3171 amatori

397 3207 521 3269 Nonne
544 3205 601 3288 spe
626 3205 788 3269 deficies?

265 3304 324 3366 An
347 3313 386 3366 tu
408 3305 518 3386 pedes
542 3301 757 3385 ampleddris

264 3402 372 3465 Fixos
396 3402 509 3465 cruci?
532 3420 602 3463 non
625 3401 769 3463 mereris

400 3501 485 3562 Tam
509 3500 609 3562 dulce
633 3498 799 3562 solatium.

557 3685 612 3747 ΕΖ
