2900 4500
643 491 701 612 ἕξ
753 503 767 592 (
817 526 858 586 50
909 505 922 595 )
976 490 1033 611 ἕξ

498 610 612 675 Dulce
636 614 755 675 vinum
778 613 969 676 delibatum

498 709 592 772 Dein
615 710 712 793 large
735 719 959 793 perpotatum

632 806 774 872 Sensum
798 809 911 871 cordis
935 809 1056 872 variat.

499 903 602 988 Saepe
626 905 722 968 vocis
745 906 940 983 mollitudo,

498 1002 619 1087 Atque
643 1005 759 1066 vultlls
782 1003 961 1067 suavitudo

630 1102 709 1165 Fuit
732 1103 794 1166 fax
815 1101 976 1165 libidinis.

498 1199 596 1262 Molli
619 1219 723 1262 manu
746 1199 900 1282 tetigisti,

497 1297 603 1381 Ignes
626 1319 670 1361 an
694 1297 871 1360 adolevisti

630 1395 874 1479 Flammasque
899 1395 1080 1477 cupidinis

497 1491 626 1559 Vultus
649 1494 741 1557 nitor
764 1493 792 1556 u
817 1493 981 1576 aspedus:

499 1589 611 1654 Crinis
634 1590 717 1655 licet
740 1589 778 1655 fit
800 1591 977 1674 negledtus

631 1687 717 1770 Quae
741 1710 811 1753 non
833 1688 945 1773 figunt
964 1690 1092 1773 jacula3

496 1786 541 1850 Et
562 1788 676 1870 pudor
698 1787 924 1850 intemeratus

496 1884 572 1948 Erit
594 1884 623 1947 dr
646 1884 870 1948 intaminatus

627 1981 724 2046 inter
746 1992 799 2045 tot
821 1982 989 2065 pericula;

792 2253 819 2336 n
846 2271 874 2317 2.

498 2354 591 2552 N
607 2374 661 2439 On
687 2375 734 2438 est
758 2376 824 2438 iter
847 2376 913 2438 hoc
936 2375 1138 2453 ianitorum,

605 2473 677 2536 Ubi
700 2473 796 2556 sylva
818 2482 1043 2555 peccatorum

628 2571 729 2634 Nova
752 2572 884 2653 semper
906 2572 1066 2655 pullulat,

495 2669 598 2731 Unde
622 2668 782 2750 splendor
805 2669 981 2745 castitatiS‚

495 2766 597 2828 Unde
621 2766 713 2829 nitor
736 2766 894 2829 veritatis

629 2863 749 2947 Atque
773 2866 882 2927 virtus
905 2866 1034 2931 exulat.

495 2960 563 3023 Hic
587 2961 737 3041 Joannes
761 2983 805 3024 an
828 2962 1007 3025 manebis?

497 3058 643 3124 Manens
666 3059 779 3122 forsan
801 3059 829 3122 dr
853 3060 1002 3122 haerebis

629 3157 724 3220 Inter
747 3166 801 3220 tot
823 3158 1016 3223 illecebras,

496 3253 569 3317 Iter
590 3255 723 3337 semper
746 3256 964 3337 impeditum,

495 3352 588 3415 Nulli
611 3354 678 3417 fuit
702 3354 919 3436 expeditum,

628 3450 723 3513 Inter
746 3461 860 3515 tantas
884 3451 1043 3516 salebrae

496 3547 616 3630 Longe
639 3549 738 3630 fuge,
763 3550 910 3611 mundus
934 3549 1046 3625 ardet,

496 3643 676 3726 Quotquot
700 3656 830 3723 amant,
854 3645 944 3728 ipsos
966 3647 1104 3728 perdet,

628 3743 693 3805 His
716 3753 752 3806 te
775 3743 921 3806 flammis
945 3745 1051 3827 eripe.
1188 3743 1228 3808 Si
