2900 4500
415 526 805 650 tituil}

274 649 409 732 Quibus
432 650 569 713 blandae
593 650 791 733 voluptates

274 749 422 823 Rident,
447 757 552 831 atque
576 748 751 812 vanitates

273 847 380 910 Mella
402 858 463 910 tua
481 866 555 914 >non
578 844 756 928 gustarunt

274 946 349 1007 Nec
372 946 436 1012 lace
448 953 545 1006 tuum
559 944 603 1005 ‘hi
627 943 793 1018 libarunt,

406 1041 520 1111 Mater
543 1040 738 1105 suaviffima.

275 1139 441 1222 Quamvis
465 1139 577 1222 Virgo
596 1138 640 1202 'lis
664 1138 815 1208 modesta

273 1236 348 1301 Nee
371 1237 432 1307 ulli
454 1254 582 1320 regnes
607 1235 747 1299 molesta

274 1336 353 1398 Non
376 1356 414 1398 es
438 1335 761 1416 dulcis'arroga'nti·

275 1434 349 1497 Nec
374 1454 411 1496 es
434 1442 536 1516 grata
559 1454 659 1496 vanae
682 1434 795 1516 genti,

373 1566 375 1570 ι
405 1530 518 1613 Virgo
543 1531 797 1598 clementistma.

276 1631 325 1692 Te
349 1628 516 1712 superbus
538 1649 608 1691 non
632 1629 763 1693 amabit

275 1726 343 1808 Qui
367 1727 398 1790 le
423 1736 515 1790 amat
538 1748 608 1790 non
631 1727 801 1804 laudabit,

275 1825 349 1888 Nec
372 1826 432 1908 qui
455 1846 619 1908 magnum
641 1824 708 1888 lese
729 1812 847 1907 jailat,

277 1921 380 1987 Solus
403 1943 532 2005 parvus
555 1931 671 1985 tecum
693 1922 815 1986 trattat

406 2020 510 2083 Dulci
534 2040 611 2082 cum
634 2019 769 2084 fiducia.

260 2120 398 2202 *Neque
421 2119 487 2182 tibi
510 2118 615 2182 fervit
638 2118 695 2180 ille

276 2215 440 2301 Quisquis
464 2218 589 2281 ardens
613 2217 703 2281 euris
726 2217 820 2280 mille

276 2315 408 2398 Quaerit
432 2336 552 2386 aurum
575 2317 633 2378 vel
656 2325 841 2399 argentum

275 2414 399 2477 Fallax
422 2413 504 2476 vitae
527 2415 818 2491 blandimentum,

409 2510 534 2592 Coecus
557 2512 711 2577 avaritia.

276 2610 341 2673 Tui
364 2630 433 2673 non
456 2610 530 2672 sunt
554 2619 812 2693 contemptores

274 2708 420 2771 Pietatis
443 2707 595 2771 illusores

275 2805 398 2888 Neque
422 2815 556 2868 mentes
580 2805 749 2869 fimulatas

276 2903 411 2980 TueriS,
435 2924 501 2966 nec
524 2902 706 2967 sceleratas
948 2983 949 2988 ἵ

206 3005 209 3010 ’
408 3000 574 3082 Dignaris
598 3001 758 3065 custodia.
844 3016 846 3018 ’

275 3099 347 3161 Ubi
370 3096 460 3161 casto
485 3099 588 3162 corde
607 3099 728 3163 ‘cuniti'

277 3195 387 3261 Simul
409 3196 530 3261 vivunt
553 3198 632 3261 Deo
652 3197 757 3280 junui

276 3294 390 3371 Meus,
416 3294 525 3370 diceS,
549 3296 606 3359 hic
631 3295 676 3358 est
699 3296 818 3373 foetuS,

276 3392 377 3455 Meus
400 3392 465 3454 erit
488 3391 547 3455 iste
572 3403 696 3473 eoetus,

408 3490 496 3554 Haec
519 3510 597 3554 mea
620 3490 759 3560 familia.

276 3588 358 3651 Illos
382 3608 491 3664 amas,
516 3589 583 3651 illis
606 3588 718 3666 faves

275 3685 333 3762 Et,
357 3684 396 3749 ut
418 3685 533 3749 Mater
556 3687 627 3771 pia,
653 3707 769 3764 caveS,

560 3784 586 3847 C
612 3808 629 3865 3
836 3786 973 3868 Quibus
