2900 4500
611 478 1000 603 atterat

468 599 547 662 Non
571 598 738 663 sectantur
760 600 867 664 firmae
890 604 988 685 pacis

468 694 564 759 Vera
586 700 693 775 bona,
717 698 776 761 sed
798 697 934 783 fugacis

621 796 784 860 Fortunae
807 797 966 861 ludibria.

470 890 596 955 Cuncta
618 892 743 971 fluunt,
768 894 966 973 elabuntur,

466 989 538 1053 Ubi
561 991 710 1072 primum
734 991 903 1069 oriuntur,

622 1087 813 1153 Solvuntur
835 1090 873 1154 ut
896 1091 1033 1157 somnia.

765 1361 791 1444 t·
818 1379 846 1441 s·

470 1458 669 1658 MOdb
692 1483 808 1546 rident
831 1482 859 1547 ἃ
882 1484 1057 1562 laetantur,

591 1579 696 1643 Modo
719 1594 865 1663 gemunt
888 1582 916 1645 a
939 1585 1122 1647 turbantur

620 1677 707 1739 Dies
730 1679 841 1745 omnis
864 1680 1012 1763 inquies.

466 1772 496 1837 O
521 1774 625 1858 quam
649 1776 745 1839 duris
768 1778 860 1842 curis
881 1778 1039 1845 fervent?
1060 1768 1062 1773 ¹

467 1872 516 1935 Ut
538 1872 733 1955 acquirant,
758 1876 816 1938 vel
838 1886 877 1939 ut
898 1875 1054 1940 servent?

618 1968 711 2051 Quid
734 1992 803 2035 non
825 1973 961 2037 versant
983 1975 1117 2040 millies.

463 2068 564 2130 Nova
586 2067 719 2151 semper
742 2070 937 2152 cupienteS,

464 2164 642 2229 Laffantur
664 2166 702 2230 irt
726 2169 931 2233 febrientes:

617 2264 696 2329 Non
719 2267 898 2350 quiescunt
920 2269 1086 2337 noctibus,

463 2362 598 2442 Velim,
623 2364 746 2444 nolint,
771 2368 1012 2443 verberantur,

464 2459 637 2545 Quicquid
661 2472 783 2545 agant,
807 2462 1028 2546 flagellantur

617 2559 791 2643 Suspenfis
814 2561 1005 2628 timoribuS.

463 2655 611 2738 Quantae
636 2679 742 2733 curae,
767 2659 871 2742 quam
894 2663 1075 2725 mordaces

466 2752 578 2819 Corde
602 2766 744 2840 gerunt,
768 2757 797 2820 dr
819 2767 975 2836 tenaceS,

615 2854 667 2917 Ne
691 2856 786 2938 quod
809 2857 941 2919 habent
962 2867 1095 2939 pereat.

462 2948 534 3014 Sed
557 2951 720 3015 incassum
743 2952 948 3037 fatigantur,

460 3047 580 3131 Atque
604 3049 714 3113 tristes
738 3062 969 3117 macerantur:

615 3147 765 3231 Oportet
787 3158 826 3211 ut
848 3160 981 3233 pereat.

461 3242 563 3325 Quod
586 3245 622 3307 in
645 3247 748 3309 terris
770 3249 874 3310 homo
898 3249 1039 3331 quaeriS‚

460 3341 556 3405 Perit
579 3343 676 3420 illud,
701 3354 762 3408 aut
784 3354 823 3407 tu
845 3347 952 3427 peris:

614 3440 701 3523 Quis
723 3444 826 3506 homo
850 3463 920 3507 non
943 3445 1106 3508 moritur?

1114 3631 1158 3693 Et
