2900 4500
643 462 1035 589 {ttulit

506 591 628 656 Patres
651 589 754 653 nostri
778 591 984 664 docuerunt,

506 687 635 752 Omnes
658 698 786 772 gentes
810 693 1065 769 cognoverunt,

637 786 681 848 Et
704 805 769 849 nos
792 783 852 867 ipli
876 783 1058 846 cernimuS.

505 885 736 967 Emergentes
760 903 806 946 ex
829 881 1004 944 immundo

504 983 679 1046 Vitiorum
701 981 770 1044 imo
793 979 916 1056 fundo,

505 1081 583 1164 Ope
606 1089 675 1144 tuae
698 1079 841 1163 pietatis

505 1181 601 1244 Inter
624 1180 749 1242 choros
773 1175 938 1241 castitatis

638 1276 771 1339 Vivunt
794 1295 885 1338 nunc
908 1270 1112 1337 lantliffime.

506 1376 608 1438 Multi
630 1374 741 1458 prope
765 1373 936 1457 desperati

505 1475 550 1538 Et
573 1474 730 1556 peccatis
752 1470 893 1553 illigati,

505 1573 555 1636 Te
580 1570 752 1634 senserunt
775 1568 1004 1641 miserantem,

506 1669 551 1733 Et
573 1688 664 1731 nune
687 1686 828 1730 manum
850 1665 1057 1730 liberantem

639 1766 799 1829 Laudant
821 1762 1016 1827 felicisslme.

508 1867 688 1950 Quotquot
710 1865 849 1928 blandae
873 1860 1063 1943 voluptatis

506 1962 760 2028 Blandimentis
783 1960 950 2043 superatis

507 2063 567 2126 Ad
589 2061 758 2125 vexillum
780 2059 857 2139 Jesu
880 2059 1013 2134 volant,

506 2161 555 2224 Ut
578 2159 614 2222 hi
637 2160 754 2222 Deum
777 2155 864 2220 caste
889 2156 1016 2231 colant,

639 2257 755 2319 Mater
778 2275 840 2318 eos
861 2255 980 2318 allicis.

508 2356 538 2421 Ο
563 2355 667 2439 quim
690 2355 817 2417 multos
839 2353 1058 2429 vacillantem

507 2456 626 2538 Atque
650 2463 747 2516 metu
768 2449 971 2514 fluctuantes

507 2554 602 2616 Tuus
624 2551 738 2614 firmat
761 2549 789 2613 &
812 2548 1001 2612 inflammat

509 2649 668 2714 Clemens
691 2647 786 2729 Jesus
809 2648 869 2730 qui
892 2648 956 2710 hos
978 2654 1072 2709 amat

642 2747 738 2830 Quos
760 2756 799 2809 tu
822 2745 882 2828 pia
904 2743 1053 2826 respicis.

509 2845 581 2910 Sed
606 2845 709 2926 quim
735 2845 835 2907 multi
859 2841 1067 2915 cecidillent,

508 2944 553 3007 Et
576 2942 744 3006 aeternum
767 2938 956 3023 periiffent,

509 3040 576 3104 Nili
599 3061 737 3103 manum
760 3036 980 3121 porrexiffes,

509 3138 553 3201 Et
576 3139 736 3202 labentes
760 3134 922 3199 erexilles

641 3234 800 3297 Materni
824 3233 1014 3296 clementio.

511 3333 609 3398 Curis
633 3333 734 3414 inops
758 3332 852 3395 duris
874 3330 1018 3414 preffuS,

509 3432 555 3495 Et
577 3432 697 3495 labore
720 3431 827 3513 longo
851 3429 953 3492 fellus

509 3529 644 3592 Memor
667 3530 718 3590 tul
741 3527 935 3612 respiravit,

509 3625 642 3690 Latiam
666 3635 817 3688 mentem
841 3625 1014 3688 recreavit

643 3723 753 3786 Felici
776 3724 951 3788 memoria.
1120 3719 1219 3802 Quos
