2900 4500
651 472 709 594 u
762 488 776 578 <
827 509 868 568 ³0
917 488 930 577 )
982 472 1040 594 u

509 594 646 681 Longe,
670 596 742 659 late
766 595 975 671 dominatur,

507 693 553 757 Et
576 693 598 756 a
620 692 749 757 cubilis
771 694 974 770 honoratur,

640 791 740 855 Vivit
763 789 958 857 infeliciter.

509 887 631 953 Omnis
655 887 676 952 ὲ
698 898 734 953 te
759 887 954 967 dereliilus,

509 986 588 1051 Citb
612 988 727 1062 cadet,
752 986 781 1050 dr
804 985 948 1050 affliilus

640 1085 775 1149 Peribit
796 1083 974 1148 miserime.

507 1183 587 1247 Non
611 1182 658 1246 est
677 1180 703 1261 ,ὲ
725 1203 795 1267 quo
819 1182 1016 1246 sublevetur

507 1280 631 1344 anne
655 1282 797 1344 tandem
820 1280 987 1344 morietur

640 1379 709 1442 Hic
732 1377 975 1441 infelicillime?

506 1476 601 1560 Ergo
624 1497 751 1559 precor
773 1496 838 1560 per
861 1496 1020 1539 cruorem

507 1575 591 1637 Tuae
614 1574 737 1658 prolis,
760 1574 790 1637 dr
813 1594 980 1649 amorem,

638 1672 719 1735 Noli
742 1691 798 1735 me
821 1672 1030 1756 relinquere.

505 1770 551 1834 Et
572 1790 637 1852 per
660 1770 761 1833 dulce
784 1789 912 1833 nomen
933 1769 1070 1845 Matris,

506 1868 550 1932 Et
572 1888 637 1951 per
660 1868 762 1931 dulce
785 1888 912 1932 nomen
935 1868 1062 1945 Patris,

638 1966 718 2029 Noli
741 1985 796 2028 me
820 1965 987 2029 deserere.

505 2064 621 2127 Unum
643 2063 699 2127 fac
722 2084 778 2127 me
803 2065 847 2126 de
870 2072 1006 2126 tuorum

506 2161 602 2244 Quos
624 2171 663 2225 tu
686 2162 782 2245 regis
805 2160 988 2224 eleclorum

637 2260 749 2325 Felici
771 2260 912 2325 familia.

505 2359 570 2422 Tui
594 2379 682 2441 quos
704 2357 828 2422 fovent
850 2377 986 2420 amores

504 2453 572 2536 Qui
595 2455 782 2538 sequuntur
805 2464 884 2517 tuos
907 2475 1021 2518 mores

636 2554 782 2637 Tuaque
804 2551 958 2636 vestigia.

503 2664 609 2672 *-
800 2734 826 2817 l·
852 2754 881 2812 3·

506 2826 685 3020 tho
709 2866 825 2910 meum
848 2847 911 2911 scis
933 2868 1100 2924 amorem,

602 2945 713 3007 Tuum
739 2964 800 3008 cur
823 2965 976 3026 quaeram
999 2943 1169 3020 favorem3

635 3041 711 3105 Effe
736 3053 816 3105 tuus
839 3044 999 3106 ambiam.

503 3139 613 3203 Vides
636 3139 720 3224 quid
743 3160 841 3203 mens
864 3161 943 3204 mea
964 3139 1104 3223 [peden

502 3237 595 3319 Quid
618 3237 655 3301 lit
678 3239 763 3300 illud
786 3240 880 3322 quod
903 3237 1053 3315 affeilet,

633 3336 768 3419 Ecquid
790 3337 924 3419 grande
949 3337 1095 3419 cupiam.

501 3433 580 3496 Non
602 3454 657 3497 me
681 3435 766 3498 boni
789 3435 968 3516 pereuntis

500 3531 545 3595 Et
568 3531 641 3615 post
664 3531 757 3595 diem
780 3533 998 3597 vanescentis

633 3630 745 3693 Tenet
769 3630 981 3694 defiderium.

1040 3726 1215 3811 Quicquid
