2900 4500
602 462 1019 589 *ww*

482 592 657 655 Abierunt
681 589 880 669 voluptates

481 691 526 753 Et
549 689 735 752 mendaces
758 682 953 747 honestates

482 787 587 851 Instar
608 788 741 851 umbrae
765 781 978 846 vanescentis

482 885 588 949 Instar
610 883 715 946 somni
738 880 952 944 mentientis:

616 981 690 1046 Sed
711 979 854 1062 punitur
877 977 1054 1040 somnians.

482 1082 554 1145 Ubi
577 1100 668 1145 nunc
692 1098 761 1161 quo
786 1075 981 1139 delebabar

482 1180 527 1242 Et
550 1178 686 1242 insanus
709 1176 955 1257 amplexabar?

483 1276 663 1360 Spebirum
684 1274 764 1338 fuit:
788 1276 833 1335 ah
857 1271 1061 1355 speeirorum

482 1376 585 1438 Tales
609 1374 683 1436 sunt
706 1392 748 1435 ac
772 1371 976 1435 somniorum

616 1472 703 1535 Tam
725 1467 837 1532 tristes
858 1466 1029 1548 reliquiae!

483 1571 559 1634 Hos
581 1577 759 1632 merentur
783 1565 956 1628 eruciatus

483 1669 603 1731 Foedae
627 1666 741 1731 carnis
764 1664 936 1737 titillates,

485 1768 574 1848 Joci,
597 1765 681 1829 risus
704 1763 918 1837 blandioreS,

483 1866 529 1928 Et
553 1864 735 1946 amplexus
758 1860 933 1924 molliores

616 1959 818 2040 Brevesque
843 1956 997 2021 deliciae?

484 2061 583 2123 Eheu
607 2079 701 2123 eaeca
723 2078 779 2123 me
802 2056 912 2119 libido

486 2158 589 2231 Lufit,
613 2157 641 2220 ἃ
665 2157 765 2219 duxit
789 2154 916 2236 cupido

484 2258 557 2321 Ubi
580 2256 702 2320 molles
725 2262 898 2316 amatores

485 2356 580 2419 Inter
603 2353 695 2416 mille
719 2351 793 2413 sunt
816 2358 966 2412 tortores

618 2451 714 2513 Inter
737 2448 765 2511 ἃ
789 2446 964 2530 supplicia.

484 2550 606 2613 Nullus
630 2548 743 2633 sperat
766 2547 823 2607 hic
845 2545 1006 2609 levamen

484 2648 557 2711 Ubi
579 2665 681 2709 nemo
704 2643 774 2707 fert
797 2642 958 2716 solamen,

486 2746 623 2808 Ardent
645 2762 822 2823 nunquam
846 2740 1086 2822 extinguenda

485 2844 609 2924 Neque
633 2840 730 2903 seclis
753 2839 941 2901 minuenda

619 2938 705 3020 Quae
729 2947 895 3018 torquent
917 2933 1089 2999 incendia.

486 3039 573 3101 Dira
596 3037 691 3100 saevit
714 3037 768 3099 vis
792 3034 924 3097 ardoris

486 3137 590 3200 Nulla
611 3156 693 3219 pars
716 3153 844 3215 expers
869 3130 997 3196 doloris

486 3235 590 3297 Nulla
613 3243 708 3296 caret
733 3230 789 3294 sub
813 3231 918 3312 poenb

487 3333 606 3406 Fibra,
630 3350 771 3407 nervuS‚
796 3338 901 3410 atque
926 3345 1016 3389 vena

620 3427 709 3491 Suas
732 3426 887 3488 flammas
910 3423 1067 3485 sentiunt.

1147 3516 1207 3579 Ah
