2900 4500
424 512 482 635 {l}
533 529 547 617 (
601 548 635 591 21
690 529 703 617 )
757 511 814 634 ἕξ

286 636 359 701 Sed
382 638 402 700 ὃ
426 637 525 701 miser
548 657 636 720 quos
660 637 798 700 dolores

285 735 361 818 Ego
385 734 485 798 lensi?
509 756 598 818 quos
621 753 790 798 moerores

284 833 362 916 Ego
385 833 462 913 tuli,
487 832 566 895 cum
589 832 715 914 cupido

285 929 480 1013 Instigaret,
505 929 704 993 &formido

418 1027 578 1092 Obstaret
601 1029 786 1092 amoribus.

284 1126 384 1189 Laeta
406 1124 533 1188 tristem
556 1146 611 1189 me
635 1125 806 1206 fecerunt,

285 1222 385 1287 Festa
407 1223 561 1286 moestum
584 1243 639 1286 me
662 1222 851 1304 liquerunt,

285 1320 390 1404 Saepe
412 1320 491 1384 finis
514 1320 570 1384 hic
590 1322 748 1403 jocomm

285 1420 365 1482 Fuit
388 1418 417 1482 n
440 1439 574 1482 merces
597 1420 757 1482 ludorum

418 1516 585 1581 Timor&
608 1517 777 1580 moestitia.

285 1615 358 1679 Vix
379 1615 524 1700 gustatae
547 1615 733 1679 suavitates

284 1714 440 1777 Fuerunt
463 1715 688 1778 acerbitates:

285 1812 373 1887 Iras,
397 1813 489 1889 lites,
514 1822 620 1894 atque
643 1811 739 1874 rixas

285 1909 415 1991 Quales
439 1910 580 1993 surgunt
603 1910 695 1972 inter
717 1908 808 1971 lixas

418 2008 594 2072 Ferebant
618 2006 790 2072 convivia.

285 2106 381 2168 Inter
403 2124 515 2187 nugas
538 2114 610 2167 tam
634 2103 777 2167 fallaces

286 2204 382 2267 Inter
403 2202 487 2267 risus
510 2212 581 2265 tam
604 2201 785 2265 mordaces

286 2303 470 2385 Nunquam
493 2300 604 2365 dulcis
627 2299 656 2363 u
679 2319 817 2364 amoena

285 2400 370 2465 Vita
391 2398 472 2480 fuit,
496 2400 557 2462 ubi
580 2418 686 2482 poena

421 2496 545 2563 Comes
567 2497 756 2560 individua.

285 2595 392 2659 Modo
414 2595 505 2657 livor
526 2615 582 2657 me
605 2596 732 2657 urebat

288 2694 456 2776 Curlsque
480 2712 578 2755 mens
601 2691 829 2774 aegrescebat:

285 2793 330 2855 Et
353 2812 444 2854 nunc
468 2792 593 2853 ardens
618 2789 808 2872 diligebam

285 2890 330 2953 Et
352 2889 549 2953 immundus
573 2886 774 2950 diffluebam

418 2986 610 3070 Voluptate
634 2987 763 3049 mutua.

287 3085 317 3151 O
342 3106 397 3149 me
421 3085 443 3147 [i
467 3086 544 3167 quis
568 3082 745 3167 arguillet,

285 3184 354 3247 Vel
378 3193 551 3247 errantem
574 3180 769 3245 monuillet:

285 3281 413 3345 Forsan
436 3281 567 3364 greffus
590 3278 797 3343 reflexillem

285 3380 330 3443 Et
353 3381 397 3442 ad
421 3399 514 3444 verae
538 3377 708 3441 rediillem

417 3476 564 3540 Pietatis
586 3476 733 3539 semitas,

286 3576 378 3638 Vani
401 3585 518 3638 tamen
540 3573 615 3638 lunt
638 3574 674 3637 hi
698 3573 835 3656 questus

286 3674 383 3756 Quos
407 3673 573 3737 excusans
597 3674 664 3736 edo
688 3671 838 3734 moestus:

590 3771 620 3833 B
642 3792 659 3850 3
849 3770 974 3832 Nonne
