2900 4500
462 456 828 578 timii}

305 579 435 642 Volent
459 600 578 643 omnes
601 578 735 662 semper
758 580 857 653 mori,
877 576 879 579 ’

305 678 490 759 Nunquam
513 687 631 741 tamen
652 677 733 740 huic
758 677 870 741 dolori

437 775 511 838 Erit
533 776 624 838 ullus
648 774 815 838 transitus,

304 872 439 936 Frustraei
462 875 537 936 vult
560 874 638 956 quis
660 873 741 940 hinc
765 873 878 949 exire,

305 970 374 1034 Vel
398 981 542 1034 conatur
564 971 720 1044 interire,

438 1069 585 1152 Semper
608 1069 682 1152 pati
706 1069 853 1152 cogitur.

307 1166 455 1249 Semper
478 1168 545 1230 erit
568 1167 604 1230 id
627 1169 720 1249 quod
744 1167 853 1242 nolet,

304 1265 488 1348 Nunquam
512 1265 579 1328 erit
601 1265 637 1328 id
660 1266 755 1347 quod
778 1266 889 1340 volet3

437 1361 619 1426 Moriendo
643 1362 781 1426 vivitur.

305 1459 386 1523 Heu
409 1461 487 1543 quis
510 1461 546 1524 in
568 1462 660 1524 hunc
683 1481 739 1523 me
763 1461 921 1523 dolorum

304 1557 435 1622 Locum
457 1559 565 1634 trufit,
589 1558 618 1622 &
641 1559 809 1621 malorum

436 1656 500 1719 Isto
525 1656 636 1719 mersit
658 1656 820 1740 gurgite?

305 1752 335 1816 Ο
359 1774 414 1816 me
438 1755 538 1818 nimis
562 1753 750 1817 infelicem:

304 1851 414 1914 Nemo
438 1873 550 1915 meam
574 1852 668 1914 dolet
692 1853 818 1915 vicem:

437 1949 506 2011 Hic
529 1949 603 2012 sunt
626 1968 750 2033 preces
773 1949 889 2011 irritae.

304 2045 364 2109 Ah
388 2047 500 2129 qualis
524 2046 571 2109 est
594 2045 708 2108 isthaec
731 2046 818 2108 vita!

304 2143 426 2207 Moesta
448 2144 563 2221 nimis,
587 2163 651 2206 nec
674 2143 773 2207 finita

437 2242 618 2306 Annorum
641 2241 867 2324 temporibus.

304 2342 441 2406 Vellem
464 2361 641 2423 nunquam
665 2340 768 2403 etiem
790 2350 907 2405 natus:

303 2441 382 2504 Non
405 2439 536 2503 fuiffem
559 2439 751 2503 reservatus

435 2538 556 2601 Tantis
580 2538 800 2601 cruciatibus.

305 2636 376 2702 Sed
399 2636 483 2719 quid
507 2656 575 2719 ego
599 2635 813 2721 perpetravi,

305 2733 372 2797 Vel
395 2734 489 2816 quod
512 2732 619 2796 scelus
643 2733 798 2816 cogitavi

435 2831 500 2894 His
525 2831 669 2914 dignum
692 2828 886 2913 suppliciis?

303 2927 440 2991 Frustrei
463 2948 604 3012 queror:
628 2947 685 2990 res
708 2927 737 2989 u
760 2927 847 3005 acta,

304 3026 386 3090 Mea
407 3027 501 3089 luam
524 3047 634 3109 prava
656 3025 745 3089 facta

435 3125 593 3187 AEternis
617 3124 795 3187 incendiis

538 3236 743 3321 ‹³31ssss
