2900 4500
423 484 814 606 {ttulit}

284 608 323 673 Si
347 609 504 683 morariS,
528 617 623 669 tutus
648 607 735 669 eris?

283 706 378 769 Inter
401 704 555 767 flammas
578 724 647 767 non
671 705 795 782 ureriS,

418 802 495 865 Citb
517 801 637 884 fugam
662 802 786 884 arripe.

283 903 361 964 Non
386 900 432 964 est
456 900 543 964 salus
566 899 644 963 satis
668 911 779 974 certa,

283 999 354 1062 Ubi
377 998 508 1082 strages
531 1018 601 1061 non
624 999 771 1075 ineerta,

415 1097 487 1159 Ubi
510 1098 627 1178 plures
650 1106 809 1178 pereunt.

285 1195 354 1258 Cur
377 1195 509 1258 sedaris
532 1194 733 1272 morienteS,

284 1292 328 1356 Et
351 1294 395 1356 ad
419 1293 488 1356 ima
512 1301 713 1355 corruentes

416 1391 518 1453 Unde
542 1409 717 1472 nunquam
741 1390 907 1453 redeunt?

286 1489 354 1552 Cur
376 1499 412 1552 te
435 1488 560 1552 lattant
583 1488 750 1551 sociorum

284 1587 415 1652 Dulces
439 1597 564 1661 coetus,
588 1586 617 1650 ἃ
641 1605 795 1649 amorum

418 1684 528 1749 Grata
550 1705 654 1768 nugae
677 1684 826 1765 pabula?

283 1784 395 1861 Eheu,
420 1783 519 1846 miser
542 1803 585 1844 an
608 1783 763 1864 ignom,

285 1879 362 1962 Qud
386 1880 459 1963 post
482 1880 601 1943 brevis
624 1880 706 1942 vitae
730 1899 844 1941 moras

417 1979 504 2041 Haec
527 1987 563 2040 te
587 1978 725 2039 trahant
749 1977 906 2039 vincula?

284 2076 337 2139 En
362 2077 420 2159 qui
444 2076 619 2158 quondam
642 2073 860 2153 colluserunt,

284 2174 447 2237 Flammis
471 2194 558 2257 quas
580 2193 649 2236 non
672 2172 862 2234 timuerunt

416 2272 571 2335 Uruntur
594 2271 816 2334 torrentibus

283 2368 328 2432 Et
351 2370 476 2433 cubilis
499 2369 653 2445 sociales,

283 2466 406 2529 Dulcis
429 2465 552 2529 menlae
577 2465 777 2529 convivales

416 2563 557 2627 Hildem
581 2566 705 2644 ardent
727 2564 878 2647 ignibus,

284 2662 346 2725 Ille
370 2663 459 2725 coelo
483 2682 574 2726 nunc
596 2663 781 2745 gauderet,

283 2761 358 2823 Nec
380 2758 534 2823 infernus
557 2760 648 2821 hune
671 2769 821 2822 torreret

417 2858 462 2919 Ni
484 2856 619 2920 vidillet
642 2856 778 2921 socium.

284 2955 410 3018 Blandi
433 2957 549 3018 vultus
573 2966 765 3018 amatorum

284 3052 490 3116 Excitarunt
513 3052 700 3115 inferorum

248 3219 261 3246 .
417 3150 529 3233 Quam
553 3151 681 3213 durans
704 3150 921 3214 incendium?

283 3249 384 3312 Nunc
407 3249 438 3312 se
463 3248 596 3323 vident,
620 3248 676 3311 sed
701 3250 862 3325 oderunt,
1018 3247 1020 3250 ’

284 3348 468 3430 Nunquam
491 3347 523 3409 le
547 3345 589 3409 fic
613 3355 817 3409 amaverunt

417 3446 466 3508 Ut
488 3466 580 3509 nunc
604 3447 727 3509 ardent
751 3444 849 3512 odiis.

567 3632 601 3694 D
629 3652 643 3695 2
881 3632 982 3694 Nunc
