2900 4500
638 508 1030 627 istu)ss

499 627 598 690 Nunc
622 629 658 691 in
680 630 795 710 poenis
818 629 1032 711 sempiternis

499 723 554 789 Ac
578 727 759 789 tormentis
782 726 959 790 aeviternis

633 823 752 887 Clamo
777 833 898 886 contra
919 825 1085 905 Judicem.

499 919 628 984 Omnes
651 922 771 983 mundi
793 923 991 1007 voluptates

498 1019 595 1083 Mille
620 1021 745 1082 durent
767 1020 803 1082 in
826 1029 962 1097 aetates,

497 1116 565 1180 Hte
589 1128 764 1180 momento
789 1119 1051 1201 compensantur

497 1214 571 1277 Nec
594 1217 739 1278 duarum
762 1226 980 1300 exequantur

629 1313 803 1378 Horarum
827 1316 1014 1381 doloribus,

497 1407 670 1492 Quicquid
694 1411 764 1473 inte
788 1411 834 1474 cst
857 1432 1039 1494 poenarum

496 1507 631 1570 Durum
653 1508 738 1572 licet
760 1508 789 1572 dt
812 1530 980 1585 amarum,

497 1603 599 1669 Stilla
622 1626 692 1668 non
716 1605 761 1668 est
785 1608 958 1672 cruciatus

497 1704 644 1786 Qualem
667 1706 783 1787 pendo
808 1709 1057 1772 condemnatus

627 1802 694 1866 His
718 1802 849 1866 clausus
874 1805 1080 1871 carceribus

497 1900 568 1965 Sed
591 1902 659 1964 heu
682 1900 803 1965 frustra
827 1901 1021 1985 disputabo:

496 1999 671 2082 Quicquid
695 2019 834 2082 querar,
859 2010 919 2063 aut
938 1999 1089 2083 jatiabo:

495 2098 594 2161 Deus
616 2097 727 2161 fatum
750 2118 820 2160 non
843 2099 1004 2175 mutabit,

442 2244 443 2247 η
494 2195 567 2259 Nec
591 2197 644 2259 vis
667 2196 739 2259 ulla
761 2195 948 2277 superabit:

626 2294 705 2358 Hoc
729 2294 957 2360 ineluctabile.

493 2391 630 2454 Frustrd
652 2412 740 2455 voce
763 2393 985 2456 lamentantis

493 2489 629 2552 Frustra
652 2488 789 2573 questus
811 2491 1036 2573 indignantiS,

493 2586 558 2649 Vae
582 2608 636 2650 vae
659 2587 750 2670 legis
774 2589 1019 2673 contemptori:

493 2685 558 2747 Vae
582 2706 636 2748 vae
660 2685 731 2748 Dei
754 2686 933 2750 desertori:

624 2782 689 2845 Vae
713 2804 767 2846 vae
790 2785 1050 2868 lachrymabile!

793 2948 819 3031 §-
841 2967 870 3025 3·

495 3031 703 3223 VEllem
727 3080 787 3123 ore
811 3061 948 3125 rabioso

592 3156 729 3220 Vellem
751 3159 861 3221 morsu
885 3157 1010 3222 furioso

493 3253 623 3317 Carnes
646 3276 742 3319 meas
765 3243 934 3332 lacerare,

492 3351 530 3416 Si
553 3352 596 3416 lic
618 3352 749 3435 possem
771 3353 893 3417 satiare

622 3450 873 3513 Inflammatam
897 3451 1039 3515 rabiem.

491 3548 563 3612 Sed
588 3549 672 3630 quid
694 3548 738 3611 sic
761 3548 922 3611 incassum
946 3552 1061 3612 certo?

490 3647 579 3710 Nam
602 3666 809 3728 quocunque
833 3667 888 3709 me
913 3658 1078 3710 converto

1102 3750 1196 3797 Poenas
