2900 4500
437 476 804 603 ultim

285 602 344 664 An
366 605 442 665 haec
464 604 542 666 loca
564 612 815 667 tormentorum

284 700 487 765 Nesciebam
511 704 738 765 aeternorum?

284 797 413 881 Ecquis
437 819 522 882 ergo
546 820 601 863 me
625 799 770 875 lecarat,

285 894 465 977 Quietem
489 897 595 961 craffo
618 897 801 960 fascinaret

415 995 569 1059 Illudens
591 996 793 1060 mendacio?

284 1091 375 1155 Ecce
398 1092 545 1156 flammae
569 1094 857 1158 circum-undant:

282 1189 382 1253 Eheu
404 1192 534 1256 nullum
558 1191 668 1272 culpis
691 1192 871 1255 mundant:

254 1334 258 1342 .
283 1287 432 1352 Haustus
454 1290 538 1373 igne
562 1289 788 1352 circundante

283 1387 391 1451 Totus
414 1408 495 1451 uror
518 1388 541 1450 έι
562 1398 722 1466 vorante,

415 1486 490 1549 Nec
513 1493 708 1569 purgantur
731 1484 868 1549 scelera.

282 1581 421 1646 Ardent
444 1584 545 1667 ignes
569 1585 770 1657 adurentem

282 1680 416 1756 VenaS,
440 1691 548 1761 artus,
574 1702 634 1745 cor
656 1691 845 1745 torrentes:

281 1778 405 1842 Haeret
427 1779 520 1843 intus
542 1789 767 1863 peccatorum

282 1875 420 1940 Vermis
443 1876 547 1941 semel
570 1886 786 1959 patratorum

414 1975 459 2037 Et
482 1975 634 2058 depaseit
657 1974 797 2041 viscera.

281 2070 396 2134 Antra
418 2075 553 2137 fumant
575 2071 774 2154 sulphurata

281 2168 419 2233 Ardent
442 2189 521 2253 quae
545 2168 618 2233 sunt
642 2179 875 2233 concremata:

281 2268 386 2331 Nulla
409 2268 498 2332 coelo
521 2278 625 2352 gutta
647 2279 755 2347 rorat,

280 2365 437 2429 Flamma
459 2366 555 2440 furit,
581 2367 666 2444 edit,
691 2377 805 2432 vorat:

412 2465 487 2528 Nec
510 2466 636 2529 ardens
659 2465 875 2529 consumitur.

280 2560 377 2624 Intus
400 2561 470 2623 urit
493 2561 585 2644 ignis
607 2582 719 2645 rapax

281 2657 511 2742 Sempiternae
533 2659 681 2722 flammae
706 2680 835 2743 capati,

279 2756 387 2839 Rogo
410 2775 587 2839 nunquam
609 2757 819 2821 lentescente

279 2853 353 2916 Nec
377 2854 518 2917 ardores
540 2854 740 2919 remittente
764 2937 766 2942 ,

412 2951 608 3015 Damnatus
630 2954 687 3016 hlc
711 2952 880 3036 coquitur.

234 3080 237 3087 ·
280 3046 511 3112 Oamantdm
533 3050 773 3115 blandimenta

280 3144 339 3210 Sic
363 3146 509 3211 tranlitis
532 3147 568 3211 in
591 3153 787 3213 tormenta?

279 3242 453 3327 Quicquid
476 3245 559 3309 olim
583 3246 816 3325 dulcescebat,

278 3341 398 3424 Atque
422 3340 532 3406 sensus
557 3346 790 3419 demulcebat,

410 3439 479 3503 ch
503 3439 550 3504 est
573 3444 676 3505 ardor
698 3443 866 3507 crucians.

542 3567 577 3630 A
598 3588 614 3648 5
830 3568 1006 3634 Abierunt
