2900 4500
416 454 809 578 ittet*

277 576 373 659 Quos
396 578 491 658 Jesus
514 577 737 643 intaminatos

276 674 354 740 Sibi
377 675 489 740 servat
511 674 540 738 &
562 678 744 758 probatos:

274 773 378 836 Hunc
402 794 554 837 amorem
576 783 841 857 permanentem

275 872 319 935 Et
342 871 499 936 favorem
520 881 593 935 tam
617 871 825 935 constantem

408 970 492 1032 Tuae
517 971 648 1034 debent
670 970 805 1054 gratiae.

274 1067 319 1130 Et
343 1068 401 1150 qui
424 1066 512 1130 vidia
535 1068 730 1149 voluptate,

276 1164 484 1229 Conservatd
509 1164 676 1242 castitate,

277 1262 373 1325 Coelo
396 1263 553 1346 gaudent
576 1262 767 1340 candidati,

274 1361 356 1423 Tibi
379 1362 510 1424 debent
534 1360 725 1424 conservati

407 1458 510 1522 Hune
534 1457 677 1523 frudum
700 1458 842 1522 laetitiae.

274 1557 370 1637 Jnsns
392 1558 481 1640 pura
503 1555 643 1639 fulgens
665 1557 742 1619 luce

275 1654 352 1737 Quo
376 1654 531 1718 coelestes
553 1655 710 1738 gaudent
734 1655 837 1732 duee,

276 1752 362 1816 Cirm
386 1753 493 1836 elegit
516 1763 551 1814 te
575 1752 760 1829 nutricem,

274 1850 348 1914 Effe
369 1849 459 1934 juffit
481 1850 510 1913 dc
533 1851 689 1914 altricem

407 1947 523 2013 Sanni
547 1948 712 2011 defiderii.

273 2046 352 2111 Hoc
375 2046 568 2110 mirandum
591 2046 750 2129 quamvis
772 2066 893 2109 verum

274 2145 351 2207 Non
375 2143 522 2227 negabit
545 2164 604 2206 cor
627 2142 819 2227 syncerum,

273 2241 385 2306 Amor
407 2244 459 2307 tui
482 2241 603 2305 sedens
626 2251 757 2319 mente,

274 2340 402 2405 Semen
427 2340 532 2404 estin
556 2340 723 2422 diligente

407 2437 560 2501 Coelestis
584 2437 719 2502 consilii.
803 2433 805 2435 ’

273 2537 352 2600 Deo
375 2537 442 2600 sole
467 2545 645 2616 coronata,

273 2636 343 2698 Dei
365 2635 443 2698 luce
468 2635 666 2711 candidata,

274 2733 361 2796 cnm
384 2732 531 2795 ostendis
553 2733 644 2795 hunc
669 2732 868 2808 candorem,

273 2831 370 2894 Tunc
393 2830 555 2894 accendis
578 2828 607 2892 a
630 2849 795 2906 amorem,

406 2926 473 3009 Qui
495 2936 531 2990 te
555 2928 666 3000 novit,
691 2927 815 3010 diligit.
928 2983 930 2986 ,

272 3026 380 3090 Amat
403 3026 507 3089 solem
530 3046 599 3109 quo
623 3024 839 3111 splendesciS,

272 3125 399 3188 Puram
421 3124 534 3186 lucem
558 3125 627 3206 qua
650 3122 837 3201 candesciS,

273 3221 317 3286 Et
340 3222 488 3287 amando
512 3221 699 3298 serenatur,

273 3319 317 3383 Et
339 3330 378 3383 ut
401 3329 493 3382 amet
517 3320 783 3403 contemplatur,

405 3418 446 3480 In
468 3426 504 3480 te
528 3426 680 3480 mentem
703 3417 832 3500 dirigit.

272 3516 336 3578 Ille
361 3517 467 3579 decor
489 3515 668 3599 virginalis

272 3612 349 3695 Quo
372 3623 411 3677 tu
434 3614 566 3696 placen,
590 3634 658 3677 non
683 3612 729 3676 est
751 3613 830 3676 talis

557 3711 583 3774 C
610 3732 623 3773 2
848 3709 966 3792 Qualis
